3120 4784
664 421 879 488 -43-

235 596 264 660 h.
286 596 351 674 IV,
373 595 437 678 22),
469 614 527 678 per
558 614 592 661 se
621 601 709 661 stare
740 594 820 661 mihi
848 595 984 674 videtur,
1014 595 1075 660 etsi
1106 593 1301 660 Studniczka

236 710 287 790 (p,
310 713 362 787 28,
385 709 461 772 uda.
485 709 538 789 78)
570 707 767 790 Thucydidis
797 706 900 796 verba⁴
925 707 965 773 ab
997 726 1033 772 eo
1056 713 1209 772 exornata
1230 725 1301 772 esse

237 819 324 885 dicit.
371 820 416 885 At
446 838 507 885 non
541 819 643 885 solnm
675 825 822 899 exornat,
850 821 908 886 sed
940 819 1013 888 nori
1044 817 1165 900 aliquid
1196 817 1298 883 addit.

236 930 346 1013 Neque
375 932 458 998 enim
482 930 687 1014 Thucydides
718 931 759 996 de
787 929 896 1012 palliis
926 929 1096 1011 purpureis
1129 948 1231 1011 neque
1260 929 1301 994 de

236 1043 324 1109 sellis
346 1042 444 1109 verba
466 1041 553 1109 facit.
598 1042 703 1126 Supra
732 1048 839 1108 antem
868 1043 1044 1124 reperimus
1073 1059 1198 1121 semper
1220 1034 1299 1123 ἳμιῖ-

236 1177 306 1221 τιον
328 1149 484 1241 ἁλουργόν
512 1157 554 1221 ad
584 1154 741 1220 luxuriam
764 1154 898 1220 ionicam
930 1164 1085 1237 spectare.
1129 1152 1301 1217 Praeterea

236 1270 369 1348 χιτῶνες
398 1262 547 1332 ποικίλοι
575 1286 637 1332 uon
668 1267 772 1333 minus
802 1286 898 1349 saepe
930 1287 1024 1349 quam
1055 1266 1120 1332 albi
1151 1266 1184 1330 in
1214 1264 1302 1331 vasis
1360 1263 1361 1268 ’

237 1379 471 1462 antiquioribus
508 1376 673 1459 finguntur
709 1379 870 1461 (exemplo
899 1400 926 1443 v.
952 1400 977 1444 s.
1000 1400 1036 1461 p.
1067 1379 1130 1460 18).
1186 1377 1301 1458 Itaque

238 1491 434 1575 Thucydidis
450 1490 642 1556 sententiam
658 1490 840 1556 Heraclidis
857 1490 971 1571 verbis,
987 1509 1069 1572 quae
1084 1490 1168 1555 unde
1184 1488 1301 1554 hausta

237 1605 311 1684 sint,
341 1603 373 1668 in
397 1602 502 1668 medio
524 1602 763 1684 relinquendum
787 1608 846 1682 est,
869 1600 1047 1668 confirmari
1069 1605 1158 1683 puto.
1204 1601 1301 1666 Acce-

237 1717 318 1780 dunt
340 1733 452 1780 versus
474 1714 521 1779 illi
545 1714 696 1796 Equitum
719 1714 817 1796 (1823
832 1714 913 1798 sqq.)
937 1733 1033 1796 saepe
1055 1713 1147 1780 citati
1170 1711 1300 1798 (Sioda.

231 1827 350 1910 1225),
372 1825 426 1891 ubi
448 1825 565 1892 Demos
587 1832 695 1892 vetere
718 1825 829 1891 habitu
848 1831 980 1891 ornatus
1002 1825 1184 1905 inducitur;
1208 1825 1296 1889 deni-

239 1957 300 2019 que
329 1938 425 2004 schol.
449 1937 530 2004 Nub.
563 1939 635 2018 984,
672 1938 757 2020 quod
790 1938 831 2002 ad
863 1957 992 2004 aureum
1022 1945 1169 2003 amatum
1199 1935 1301 2003 solum

239 2050 415 2132 tendit30).
497 2057 499 2062 '

325 2160 412 2228 Haec
433 2170 509 2228 sunt
530 2161 714 2228 testimonia
736 2182 754 2228 e
775 2162 867 2229 libris
883 2167 1026 2228 veterum
1042 2161 1185 2227 collecta.
1218 2160 1301 2238 Quid

240 2278 346 2338 autern
382 2274 594 2341 monumentis
625 2275 780 2340 docetur?
834 2275 975 2340 Primum
1008 2274 1116 2338 tunica
1145 2273 1240 2354 longa
1270 2273 1301 2336 in

238 2387 323 2452 vasis
346 2405 477 2453 severae
499 2387 580 2452 artis
602 2387 727 2468 priscae
749 2387 953 2480 desideratur
979 2386 1035 2468 (cf.
1058 2406 1164 2450 semem
1187 2384 1302 2468 [Phoc-

237 2499 379 2581 m'cem?]
406 2498 503 2565 Gcrh.
518 2499 559 2562 A.
576 2499 663 2565 V.B.
675 2498 801 2582 2lls12,·
825 2499 1032 2582 Tyndareum
1053 2497 1139 2562 vusis
1161 2496 1304 2561 Eccciue

242 2608 348 2689 Germ,
372 2615 427 2674 etr.
450 2633 481 2674 m.
504 2611 608 2691 lcump.
632 2610 667 2676 V.
683 2611 725 2675 B.
751 2610 801 2693 Τί.
824 2611 868 2690 D,
892 2617 910 2671 4
931 2641 975 2664 =
1003 2610 1104 2677 Wiem
1133 2607 1305 2689 Vorleyebl.

240 2723 325 2795 1888,
351 2718 402 2800 Tf.
425 2726 466 2798 5‚·
489 2721 658 2786 Priamum
684 2721 801 2801 Onera,
823 2723 887 2788 her.
908 2722 982 2788 cul.
997 2721 1103 2799 Atlas,
1128 2718 1179 2802 Tf.
1196 2723 1246 2799 20,
1264 2723 1304 2797 3,·

240 2849 346 2894 scmem
371 2828 466 2894 Gari.
489 2830 530 2894 A.
560 2830 594 2895 V.
617 2831 660 2895 B.
683 2835 809 2911 248,1;
832 2833 1063 2898 Plutoacmc'h.
1089 2832 1149 2913 87),
1193 2829 1304 2894 Poste-

241 2939 325 3004 riore
347 2945 455 3005 aetate
477 2940 622 3022 exempla
644 2946 811 3023 augentur,
833 2961 871 3008 ex
893 2943 1007 3024 quihus
1029 2941 1186 3024 imprimis
1209 2938 1304 3005 tabu-

240 3048 303 3114 lam
328 3049 446 3133 pictam
470 3070 726 3132 commemorem,
756 3071 820 3135 qua
849 3048 1013 3136 πρόθεσις
1036 3053 1153 3119 mortui
1176 3071 1304 3134 reprae-

241 3171 387 3228 sentatur
408 3164 605 3246 (Bemmdorf,
627 3164 742 3249 ym'cch.
765 3187 796 3231 m.
819 3165 899 3232 sicil.
919 3165 1052 3230 Voscmb.
1071 3145 1121 3248 Τί.
1138 3163 1216 3228 1=
1230 3165 1303 3229 Bm.

239 3287 444 3294 *ς-

327 3339 380 3416 30)
403 3339 445 3398 cl.
477 3339 566 3398 etiam
595 3339 692 3400 Strab.
714 3340 754 3414 X,
778 3345 805 3412 3,
831 3345 858 3413 8,
889 3339 939 3398 ubi
969 3337 1118 3398 Leonidas
1148 3359 1213 3398 cum
1244 3338 1305 3396 suis

239 3449 309 3501 ante
331 3442 476 3518 proelium
499 3442 622 3518 capillos
644 3446 796 3518 pectentes
818 3442 951 3502 aPersis
974 3435 1135 3518 contempti
1159 3461 1223 3500 esso
1238 3460 1304 3500 nar·

240 3549 351 3617 rantur,
383 3546 461 3624 quod
492 3546 528 3603 ad
551 3546 704 3625 crohylum
727 3547 913 3606 referendum
936 3545 1062 3606 videtur.
1108 3545 1182 3602 Nam
1203 3544 1305 3620 asiati-

241 3665 306 3703 cum
337 3646 421 3704 illum
452 3646 586 3707 habitum
618 3647 707 3707 etiam
737 3648 768 3705 iu
798 3647 912 3708 doricas
943 3647 1079 3707 civitates
1108 3648 1249 3706 transisse
1275 3652 1305 3704 ot

242 3749 440 3808 monumentis
470 3754 500 3808 et
531 3749 616 3808 libris
646 3750 845 3810 confirmatur.
901 3751 945 3810 cf.
978 3748 1095 3808 tabulas
1124 3749 1219 3824 pietas
1250 3749 1305 3806 Oo-

242 3849 402 3908 rinthiacas
425 3850 546 3927 (Anlr'lre
564 3851 681 3909 Oeulrru.
700 3853 724 3921 1,
754 3852 797 3928 Τί.
816 3849 882 3934 7s85
910 3854 1008 3910 Berlin
1026 3853 1082 3909 347
1097 3871 1172 3928 sqq„
1195 3849 1302 3927 1655),

243 3950 411 4030 anaglypha
431 3953 665 4012 Lacedaemonia
688 3956 805 4031 (Allien.
831 3957 949 4014 Mincii.
968 3957 1052 4023 1877,
1081 3953 1127 4033 Ts.
1153 3955 1194 4012 28
1215 3956 1301 4036 squ),

243 4057 330 4119 Pauo.
354 4055 390 4128 V,
416 4061 463 4128 18,
489 4061 522 4125 3;
552 4059 596 4138 19,
620 4061 637 4113 6
662 4057 775 4136 (Studia
802 4060 892 4119 Beilr.
914 4077 944 4134 p.
969 4055 1027 4140 18).
1311 4051 1313 4055 ’
