3120 4784
680 397 893 463 ..22-

256 569 382 634 Wiener
403 568 581 650 Vorlegebl.
606 566 673 634 Ser.
697 569 769 651 VII,
794 569 830 650 1;
853 569 1029 652 Euphronii
1051 568 1147 635 Gerh.
1171 571 1210 633 A.
1226 568 1264 634 V.
1281 569 1319 634 B.

256 680 390 762 224653
415 681 513 744 Wien.
536 679 622 745 Vorl.
646 679 711 746 Ser.
735 681 775 762 D,
797 687 840 746 tv.
861 680 951 762 VIII,
979 685 1011 761 1;

342 790 376 869 3)
398 791 431 868 in
454 790 623 857 mulierum
646 791 753 856 linteis
776 793 892 858 tunicis
915 792 1027 873 longis,

430 904 464 984 a)
486 922 679 985 perpaucas:
702 902 799 968 Gerh.
824 903 860 967 Α.
876 904 914 969 V.
930 903 966 968 B.
986 904 1064 982 102;
1089 903 1169 984 125;
1192 905 1264 986 246,
1282 911 1318 984 ‘23

416 1067 418 1073 ,
490 1013 573 1094 2513
596 1013 769 1096 Benndorf,
792 1015 812 1079 l.
835 1014 855 1078 1.
878 1014 927 1079 3a.

429 1125 464 1206 b)
486 1145 544 1208 per
566 1130 667 1190 tetam
690 1131 811 1190 vestem
834 1144 982 1207 sparsas:
1013 1125 1200 1208 Ephemeris
1225 1125 1318 1206 1884,

492 1235 640 1316 Tf.VIII,
656 1235 757 1317 5—73
774 1237 887 1316 Athen.
901 1236 1026 1302 Mitteil.
1048 1237 1137 1318 1886,
1153 1235 1318 1318 nf.1x,2;

488 1347 762 1413 Brunn·Bruckm.
779 1345 1179 1414 n0.61=0verb.Plast.⁵
1196 1346 1247 1430 fig.
1260 1347 1318 1427 35;

339 1458 375 1537 4)
397 1461 429 1524 in
452 1458 620 1525 mulierum
642 1459 756 1541 peplis,
779 1479 858 1541 quos
874 1459 1069 1526 Studniczka
1084 1459 1317 1540 „ionisierend“

255 1569 431 1650 appellavit
453 1575 486 1637 et
505 1577 638 1652 propter
659 1589 774 1653 graves
798 1571 898 1652 plicas
920 1589 991 1638 esse
1008 1571 1117 1636 laneos
1133 1572 1236 1637 eidem
1251 1572 1319 1637 viro

258 1683 352 1747 deute
376 1683 551 1748 assentior:
582 1683 775 1763 Kavvadias,
798 1701 877 1748 mus.
899 1680 1083 1764 d’Athenes,
1107 1683 1147 1765 pl.
1171 1682 1200 1763 3,
1225 1684 1318 1764 6-8,

257 1794 306 1874 11,
333 1794 391 1874 14;
424 1794 555 1876 Ephem.
581 1793 682 1874 1886,
713 1800 756 1859 tv.
780 1793 810 1874 5,
833 1793 871 1874 9;
903 1793 995 1874 1884,
1022 1781 1071 1858 tu.
1094 1793 1183 1873 VIII,
1215 1795 1318 1874 5-73

255 1904 582 1971 Binum-Bruakmann
606 1924 656 1970 no.
678 1903 737 1986 22;

339 2015 374 2096 5)
397 2017 429 2080 in
451 2016 524 2082 aliis
548 2017 695 2098 partibus
717 2017 855 2082 vestitus
877 2017 1042 2082 muliebris
1057 2021 1113 2081 aut
1128 2018 1158 2083 in
1176 2021 1317 2099 pectore:

255 2125 349 2192 Gerh.
373 2126 411 2192 Α.
435 2126 472 2192 V.
496 2128 532 2192 B.
551 2127 611 2192 168
634 2126 690 2208 (--
705 2127 862 2206 Boehlaa,
883 2128 936 2211 169.
955 2127 1017 2210 12),
1039 2113 1124 2193 Elite
1140 2127 1201 2193 cer.
1217 2128 1259 2210 Π,
1275 2128 1317 2194 65

254 2241 309 2314 (=
331 2238 488 2318 Boetlaa,
510 2238 643 2323 11913),
666 2237 848 2304 Kavvadias
870 2239 891 2303 l.
911 2240 931 2304 l.
946 2239 988 2321 pl.
1005 2238 1044 2320 5;
1067 2239 1314 2304 Brunn-Bruak-

254 2368 349 2414 mann
371 2370 420 2416 no.
444 2351 483 2414 61
517 2351 574 2430 (=
600 2349 707 2416 Onerb.
729 2349 895 2428 Plestina
916 2351 969 2434 ἡ).
994 2354 1053 2429 35;
1084 2350 1155 2415 dieo
1171 2349 1315 2432 puellam

116 2487 117 2490 ¹
249 2465 326 2542 post
346 2462 550 2528 Mercurium
572 2462 739 2542 stantem);
762 2467 819 2527 aut
841 2462 926 2527 eirea
947 2481 1060 2528 coxas:
1088 2463 1214 2529 Wiener
1234 2461 1314 2526 Vor-

253 2572 365 2655 legebl.
389 2572 455 2638 Ser.
479 2575 517 2655 Α,
539 2574 572 2638 Π
603 2573 660 2654 (=
682 2572 839 2652 Boehlaa,
861 2573 913 2657 ᾖ).
936 2573 997 2655 14),
1027 2574 1069 2639 ib.
1097 2573 1163 2640 Ser.
1187 2573 1318 2654 V111‚4

254 2685 311 2765 (=
333 2685 489 2764 Boehlaa,
510 2684 646 2769 169.16');
669 2684 801 2767 Ephem.
828 2685 919 2764 1886,
942 2707 1010 2751 mv.
1027 2685 1066 2766 9;
1090 2687 1217 2753 Wiener
1227 2685 1316 2751 Vorl.

254 2797 302 2861 Bl.
326 2792 392 2863 Ser.
416 2797 455 2879 D,
479 2796 566 2879 VIII,
591 2799 617 2863 1.

339 2908 501 2990 Imprimis
529 2909 629 2992 igitur
657 2908 718 2975 hoc
747 2908 982 2976 confitendum:
1014 2909 1115 2976 lineas
1147 2907 1316 2974 undulatas

256 3021 325 3086 sine
347 3019 443 3085 dubio
465 3021 563 3086 etiam
587 3022 620 3086 in
637 3020 739 3086 laneis
755 3022 897 3087 vestibus
914 3021 1051 3086 inveniri
1066 3021 1151 3100 (eide
1173 3015 1316 3096 cample

255 3131 314 3196 sab
335 3131 377 3213 4),
405 3151 467 3197 non
490 3151 565 3198 vero
587 3152 645 3214 per
667 3138 769 3198 totam
790 3137 912 3197 vestem
935 3150 1073 3213 sparsae,
1101 3132 1158 3196 sed
1180 3128 1316 3210 quodam

255 3242 343 3308 lece:
377 3244 409 3308 in
440 3245 565 3310 manica
594 3244 659 3325 illa,
690 3264 754 3326 qua
782 3243 898 3325 peplus
930 3242 1080 3307 munitur.
1126 3242 1156 3304 A
1181 3238 1316 3320 singulis

257 3354 339 3419 enim
362 3353 468 3420 fibulis
487 3357 623 3421 tendunt
637 3360 810 3437 quaternae
824 3352 959 3419 lineolae
974 3351 1157 3433 undulatae,
1180 3369 1262 3434 quae
1284 3350 1316 3415 in

256 3470 386 3547 pectore
415 3468 528 3531 dextro
550 3467 739 3548 plerumque
761 3465 869 3546 plures
891 3463 981 3542 fiunt,
1013 3463 1128 3529 deinde
1157 3464 1188 3528 in
1211 3468 1317 3529 rectas

255 3577 356 3657 plicas
378 3596 491 3659 graves
513 3596 548 3642 se
569 3577 755 3642 dissolvunt.
800 3575 888 3641 Idem
911 3574 948 3639 fit
968 3577 1001 3640 in
1023 3576 1201 3657 posteriore
1225 3579 1317 3656 parte

257 3686 403 3770 (Ephem.
430 3693 513 3767 1888,
534 3710 604 3751 ma
628 3693 667 3764 5;
697 3691 785 3764 1884,
808 3709 876 3750 aar.
899 3691 927 3766 8,
949 3689 991 3768 8).
1043 3687 1135 3753 Circa
1164 3706 1318 3753 mammas

256 3805 364 3864 autem
393 3800 495 3865 solum
527 3805 559 3866 et
581 3800 614 3862 in
636 3798 779 3878 margine
802 3797 890 3862 sinus
914 3803 954 3876 (n.
978 3799 1016 3881 1.)
1045 3800 1186 3865 invasis
1210 3801 1316 3867 nutus-

257 3909 330 3973 dam
360 3911 501 3976 vestibus
532 3908 736 3974 muliebribus
769 3910 975 3975 inveniuntur
1005 3909 1120 3992 (aare.
1148 3913 1317 3996 91118118.

258 4023 314 4084 etr.
346 4019 510 4088 I'ra'atseh,
541 4019 651 4104 1815).
705 4020 775 4098 Qua
805 4038 841 4085 re
875 4022 951 4104 quid
984 4021 1101 4090 artifex
1138 4023 1318 4106 significare
