3120 4784
660 419 872 482 ..29-

237 587 383 655 celeriter
404 609 424 654 a
445 592 631 658 mulieribus
653 594 761 658 atticis
780 594 979 674 recipiuntur
1000 598 1034 658 et
1049 611 1118 658 curn
1134 592 1295 657 veteribus

235 701 427 768 indumentis
450 705 690 786 coniunguntur.
730 706 848 787 Peplus
870 712 927 769 aut
948 710 986 769 ut
1008 712 1067 786 est,
1090 723 1189 786 supra
1211 705 1295 768 tuni·

235 830 303 876 carn
326 815 477 894 induitur,
495 821 552 879 aut
575 835 646 881 cum
662 835 777 898 corpus
799 837 838 882 ea
860 818 940 882 satis
963 819 1121 881 munitum
1145 817 1197 896 sit,
1224 816 1295 881 bre-

236 925 305 987 vior
326 922 363 989 fit
385 933 419 991 et
440 932 584 993 mutatur
605 929 661 1010 ita,
693 935 730 994 ut
753 929 855 994 altera
876 947 952 1010 pars
974 930 1114 1009 pectoris
1135 948 1197 993 non
1220 947 1296 1010 ope-

235 1037 346 1117 riatur,
376 1040 408 1103 in
438 1039 539 1104 altero
562 1044 669 1104 autern
691 1040 823 1105 humero
855 1040 967 1121 peplus
1001 1045 1188 1105 conseratur
1211 1059 1295 1105 com-

235 1149 378 1228 pluribus
400 1149 514 1216 fibulis.
550 1151 601 1216 Sic
623 1155 721 1218 vestis
744 1153 829 1216 haud
851 1154 900 1217 ita
921 1151 1055 1234 pulchra
1078 1153 1190 1234 oritur,
1214 1170 1296 1234 quae

236 1279 292 1340 per
313 1263 474 1327 saeculum
498 1270 642 1329 remanet
663 1263 718 1345 (cf.
741 1263 839 1330 Arcb.
862 1263 941 1329 Zeit.
966 1269 1049 1344 1882,
1076 1264 1127 1345 Τῇ
1144 1271 1185 1344 6,·
1207 1249 1297 1328 Eua

239 1372 331 1435 aial
336 1373 370 1451 V,
387 1377 451 1452 33).
488 1374 549 1440 Sed
572 1377 668 1441 etiam
692 1381 783 1441 vetus
806 1374 940 1456 pallium
963 1396 983 1440 a
1004 1381 1095 1456 tergo
1118 1377 1296 1457 parimodo

237 1485 362 1566 utrique
391 1486 522 1552 humero
552 1488 735 1569 impositum
762 1487 931 1552 invenitur.
976 1488 1150 1568 Postquam
1173 1489 1219 1552 616
1241 1489 1297 1552 diu

237 1596 331 1660 variis
361 1599 463 1662 modis
491 1599 642 1664 mulieres
664 1618 778 1664 novam
800 1599 941 1665 tunicam
965 1617 1035 1664 curn
1056 1598 1217 1664 veteribus
1240 1619 1296 1664 ve-

236 1705 337 1772 stibus
360 1711 551 1792 coniungere
573 1718 706 1777 conatae
730 1718 814 1791 sunt,
846 1729 927 1775 unus
950 1711 1064 1775 modus
1087 1729 1106 1774 a
1128 1711 1205 1776 viris
1228 1729 1296 1774 mu-

234 1825 344 1883 tuatus
366 1821 524 1901 praeferri
538 1823 682 1888 videtur:
706 1823 833 1904 obliqua
849 1814 1001 1908 ἆναβολή,
1025 1823 1066 1887 ad
1082 1840 1175 1904 quam
1190 1819 1296 1885 fibulis

235 1949 312 2010 epus
334 1951 397 1995 non
420 1939 498 1998 arat.
544 1934 664 2000 Tunica
693 1933 731 1997 ab
763 1934 853 1998 initio
883 1934 1068 2016 plerumque
1098 1935 1170 1998 sinu
1198 1952 1297 2014 parvo

237 2049 378 2122 augetur.
415 2043 475 2119 Qui
497 2051 611 2127 postea
633 2047 796 2111 circularis
819 2043 951 2127 fingitur
974 2051 1006 2109 et
1021 2064 1121 2127 usque
1136 2046 1179 2109 ad
1193 2064 1297 2127 genua

239 2153 428 2234 demittitur;
453 2176 516 2238 qua
531 2176 566 2221 re
588 2176 717 2222 necesse
739 2156 777 2221 fit
798 2176 947 2238 magnum
970 2158 1109 2238 spatium
1132 2157 1218 2223 inter
1234 2157 1297 2220 col-

237 2263 298 2329 lum
322 2274 355 2331 et
377 2287 480 2348 genua
502 2287 636 2334 vacuum
658 2288 742 2333 nova
763 2269 848 2333 linea
863 2273 1057 2350 perseuetur.
1090 2269 1204 2351 Itaque
1220 2288 1296 2350 apo·

234 2381 365 2459 ptygma
388 2398 407 2442 a
429 2381 536 2444 dorice
558 2381 652 2463 peplo
676 2387 840 2445 mutuatur
863 2386 896 2446 et
917 2381 945 2446 is
961 2383 1096 2446 vestitus
1113 2381 1224 2461 uritur,
1242 2382 1296 2462 qui

234 2494 300 2553 tres
322 2497 427 2555 vestes
451 2493 617 2573 complecti
640 2493 797 2573 videatur,
829 2511 923 2557 unam
948 2492 1186 2573 complectatur.
1231 2491 1295 2554 Tu-

233 2601 338 2688 nicula
359 2622 515 2684 nusquam
538 2605 664 2669 ostendi
686 2611 803 2684 petest.

320 2715 414 2794 Apud
438 2715 523 2778 vires
546 2721 652 2779 autem
675 2717 782 2779 tunica
804 2713 915 2793 lintea,
948 2714 1003 2778 ubi
1025 2716 1162 2794 primum
1185 2732 1205 2776 a
1226 2733 1295 2777 mu-

236 2821 365 2888 lieribus
389 2827 543 2907 adoptata
565 2832 624 2904 est,
647 2826 738 2888 initio
760 2826 871 2889 eadem
894 2833 1047 2903 remanet,
1070 2826 1185 2890 deinde
1208 2843 1294 2904 veru,

235 2952 304 2998 eum
335 2954 412 3001 vasa
438 2937 544 3002 rubris
573 2934 683 3017 figuris
713 2942 826 3016 coepta
849 2937 913 3000 sint
944 2937 1061 3016 amari,
1092 2935 1122 3000 h.
1146 2955 1171 3001 e.
1194 2935 1296 3001 altero

236 3044 366 3111 dimidio
389 3050 471 3114 sexti
494 3047 623 3127 saeculi,
652 3048 772 3112 eisdem
802 3048 905 3112 modis
936 3051 1149 3129 permutatur,
1181 3048 1295 3131 quibus

234 3157 406 3241 muliebris,
429 3161 496 3226 sive
524 3167 574 3225 est
604 3159 700 3241 longa
733 3160 800 3224 sive
831 3159 945 3224 brevis.
990 3159 1073 3223 Nam
1096 3163 1129 3222 et
1151 3159 1240 3222 sinus
1263 3165 1296 3224 et

234 3275 427 3352 apoptygma
450 3274 478 3335 ei
501 3272 670 3353 tribuitur,
704 3290 895 3354 quamquam
926 3290 989 3334 nun
1012 3277 1080 3334 tam
1102 3270 1182 3335 uber
1202 3289 1296 3352 quarn

234 3384 318 3462 apud
341 3383 497 3448 mulieres.
542 3383 622 3448 Inde
645 3389 779 3465 apparet
809 3401 942 3463 prorsus
971 3401 1033 3447 non
1059 3384 1091 3447 in
1115 3384 1295 3448 universum

234 3490 312 3557 illud
338 3495 402 3559 dici
423 3514 535 3575 passe:
569 3496 687 3560 aviris
716 3513 844 3575 semper
872 3495 985 3576 primis
1016 3514 1121 3559 morus
1154 3495 1295 3575 corporis

234 3605 390 3670 vestiendi
414 3611 627 3672 commutatos
650 3625 731 3688 esse,
763 3608 820 3672 sed
850 3607 946 3671 etiam
975 3624 1030 3671 666
1052 3605 1202 3670 mulieres
1225 3605 1295 3669 imi-

234 3720 327 3782 tatus.
368 3718 520 3784 Materies
544 3736 668 3801 quoque
690 3718 796 3783 brevis
819 3719 946 3783 tunicae
968 3736 1050 3781 nova
1066 3717 1295 3782 consuetudine

233 3828 400 3893 mulierum
424 3837 618 3896 commutata
640 3830 782 3907 videtum
813 3848 887 3893 nam
916 3829 1018 3894 lintea
1045 3828 1144 3893 multu
1167 3829 1295 3909 saepius

233 3936 401 4019 invenitur,
424 3961 519 4023 quarn
541 3940 650 4022 lanea;
674 3943 758 4022 quud
780 3942 827 4004 ita
850 3960 919 4006 esse
943 3940 1039 4006 etiam
1055 3939 1296 4022 insequentibus

234 4050 369 4114 saeculis
392 4054 528 4117 videtur.
