3120 4784
719 410 932 476 ..48-

295 599 354 646 non
378 580 410 647 in
434 601 472 647 ea
505 582 700 664 repositum
728 599 798 648 esse
820 583 934 661 iudico,
966 583 1051 663 quod
1082 582 1140 648 lini
1171 585 1269 648 tactio
1290 601 1358 650 eor-

295 692 366 775 pori
396 692 521 757 moilior
550 696 584 757 et
612 691 733 772 gratior
755 692 814 771 sit,
843 711 938 774 quam
969 692 1062 760 lanae
1092 693 1223 776 (Stude.
1254 695 1358 761 Beitr.

292 825 325 887 p.
349 807 415 884 20),
438 804 494 869 sed
517 804 704 869 investium
729 803 950 883 cumulatione,
973 822 1037 887 qua
1058 822 1184 886 semper
1200 806 1359 888 mollities

296 915 391 979 etiam
415 915 500 996 apud
523 931 594 993 nos,
616 913 822 994 significatur.
867 914 950 980 Illud
973 921 1080 981 autem
1102 911 1220 1004 μετρίᾳ
1241 914 1357 1005 ἐσθῆτι

295 1027 404 1090 eodem
427 1032 573 1106 spectare
595 1029 683 1108 puto,
710 1042 769 1089 uon
793 1027 834 1091 ad
857 1026 1021 1092 materiem
1044 1029 1181 1094 vestium
1203 1029 1357 1094 minutam

296 1136 425 1220 (Studet.
458 1137 562 1202 Bcitr.
587 1157 621 1222 μ.
651 1137 724 1219 26),
753 1137 807 1201 sed
836 1137 879 1201 ad
910 1157 1085 1204 numerum.
1136 1140 1245 1222 Neque
1275 1143 1357 1206 enim

212 1311 215 1317 .
296 1248 412 1332 ubique
433 1255 539 1316 restes
554 1247 715 1313 breviores
736 1246 806 1314 fieri
820 1249 972 1314 ridemus.
1007 1249 1088 1327 Quin
1105 1252 1201 1317 etium
1225 1251 1356 1333 pallium

297 1361 438 1426 virorum
460 1360 561 1424 multo
584 1359 686 1424 maius
708 1358 753 1439 fit,
776 1361 851 1443 quia
874 1360 966 1426 unica
988 1365 1088 1428 vestis
1112 1368 1170 1428 est.

382 1471 513 1538 Accedit
542 1489 618 1537 vero
649 1471 778 1553 gravior
805 1490 865 1538 res.
920 1471 1118 1556 Thucydidis
1147 1474 1229 1538 enim
1260 1473 1358 1539 verba

296 1577 412 1670 μετρίᾳ
428 1575 458 1646 δ’
476 1571 516 1646 οὗ
527 1578 646 1669 ἐσθῆτι
657 1578 714 1645 καὶ
725 1578 826 1658 ἐςτδν
836 1586 889 1646 νῦν
905 1576 1031 1668 τρόπον
1042 1585 1169 1668 πρῶτον
1182 1583 1356 1650 Λακεδαι-

294 1689 403 1780 μόνιοι
430 1687 606 1781 ἐχρήσαντο
628 1693 731 1772 magis
758 1693 861 1775 premi
883 1699 1023 1776 possunt.
1067 1694 1149 1759 Nam
1181 1712 1243 1775 quo
1266 1697 1357 1760 modo

295 1807 402 1874 vestiti
433 1805 676 1873 Lacedaemonii
713 1802 810 1869 fuisse
849 1823 973 1886 semper
1003 1824 1023 1869 a
1051 1806 1260 1886 scriptoribus
1292 1812 1356 1871 tra·

297 1919 441 1984 duntur?
485 1917 554 1982 Una
576 1920 681 1980 veste:
711 1914 808 1998 pallio
830 1915 883 1980 vel
913 1915 1046 1981 tribune.
1100 1917 1144 1982 Ut
1165 1915 1356 1982 Plutarchus

298 2030 390 2115 (Lyc.
408 2049 431 2094 c.
448 2030 501 2111 16)
517 2033 547 2092 Γ
543 2021 689 2111 ενόμενοι
704 2023 750 2106 δὲ,
773 2026 887 2109 inquit,
910 2024 1122 2103 δωδεκαετεῖς
1136 2019 1211 2092 δίνεο
1224 2026 1359 2108 χιτῶνος

296 2135 356 2229 ἤδη
393 2137 556 2204 διετέλουν
581 2131 616 2201 (ἓν
645 2133 774 2221 ἱμάτιον
804 2132 852 2214 εἰς
881 2135 938 2203 τὸν
961 2135 1107 2204 ἐνιαυτὸν
1128 2135 1358 2223 λαμβάνοντες,

295 2261 329 2318 et
358 2250 530 2333 Xenophon
559 2250 656 2332 (resp.
686 2248 764 2314 Lac.
786 2252 837 2333 2):
869 2246 923 2314 καὶ
958 2242 1031 2314 ἀντί
1059 2271 1094 2333 γε
1126 2250 1183 2315 τοῦ
1214 2245 1358 2334 ἱματίοις

296 2358 560 2448 διαδρότιτεσδαι
592 2355 741 2444 ἐνόμισεν
775 2362 830 2441 (sc.
860 2361 1045 2446 Lycurgus)
1079 2356 1128 2427 ἑνί
1163 2356 1284 2444 ίματίῳ
1315 2351 1355 2421 δι’

294 2469 385 2550 ἔτους
404 2468 667 2561 τιροςεδίζεσδαι
698 2467 840 2556 νομίζων
871 2465 955 2538 οὕτω
982 2470 1039 2537 καί
1068 2471 1154 2559 τιρδς
1182 2467 1269 2557 ψύχη
1299 2467 1356 2534 καὶ

293 2585 379 2672 ττρδς
411 2579 530 2671 θάλπη
560 2577 691 2668 δίμεινον
721 2576 761 2648 δν
789 2579 1186 2670 παρασκευάσασθαιη).
1240 2582 1356 2660 Quam·

295 2718 389 2780 quam
412 2696 586 2779 Xenophon
611 2694 779 2761 nonnullas
807 2694 896 2777 leges
919 2696 1056 2780 Lycurgi
1084 2715 1144 2762 sua
1165 2700 1274 2763 aetate
1295 2713 1356 2760 non

293 2810 357 2875 iam
379 2807 518 2890 riguisse
540 2808 637 2888 dicit,
667 2814 772 2873 tamen
803 2826 875 2874 cum
905 2807 937 2872 in
967 2809 1180 2874 monumentis
1209 2809 1354 2874 lacedae-

294 2922 406 2987 moniis
428 2921 536 2986 tunica
558 2920 617 2986 sub
639 2918 736 3002 pallio
758 2938 817 2985 nou
840 2919 1029 3001 inveniatur,
1052 2938 1111 2985 non
1135 2924 1194 3001 est,
1227 2938 1282 2986 eur
1304 2919 1355 2983 lex

294 3032 445 3097 vestiaria
469 3032 553 3097 inter
574 3033 677 3098 laesas
709 3031 781 3096 illas
810 3032 1006 3096 numeranda
1035 3031 1087 3098 sit.
1131 3031 1240 3111 Neque
1261 3030 1357 3095 aliam

294 3151 413 3210 vestem
435 3148 564 3224 praeter
580 3143 713 3223 pallium
736 3161 756 3206 a
771 3143 1031 3208 Lacedaemoniis
1044 3159 1179 3224 unquam
1196 3145 1355 3222 gestatam

294 3252 393 3320 fuisse
422 3289 463 3300 —
493 3258 623 3335 praeter
652 3258 790 3319 aetatem
821 3253 946 3319 tunicae
975 3253 1087 3334 longae
1117 3288 1159 3299 -
1188 3251 1355 3334 quisquam

294 3366 590 3442 doctuscontendit
619 3364 658 3446 (ε.
682 3385 706 3430 c.
729 3364 845 3432 Stude.
870 3387 906 3448 p.
931 3365 988 3448 77).
1040 3366 1129 3431 Idem
1151 3361 1296 3443 sequitur
1318 3378 1356 3423 ex

295 3477 445 3560 exemplis
466 3477 616 3560 Agesilai,
638 3477 693 3559 qui
716 3495 777 3541 uno
799 3476 923 3543 tribune
940 3476 1075 3544 vestitus
1097 3481 1177 3556 erat,
1199 3478 1233 3538 et
1254 3472 1355 3555 philo·

294 3590 474 3672 sophorum,
496 3589 552 3672 qui
573 3588 824 3654 mediocritatem
848 3588 1167 3654 Lacedaemoniorum
1191 3585 1358 3650 imitantur

384 3819 437 3894 33)
460 3818 559 3877 Etiam
582 3835 691 3894 pueros
713 3814 868 3888 Cretenses
891 3819 1003 3874 aestate
1026 3823 1056 3871 et
1078 3812 1176 3871 hieme
1198 3828 1260 3868 uua
1273 3815 1357 3870 veste

295 3926 451 3980 contentos
481 3919 572 3978 fuisse
602 3916 907 3976 Pseudo-Heraclides
936 3916 1029 3974 tradit
1057 3916 1119 3994 (rr.
1143 3914 1211 3972 hr'rt.
1233 3931 1284 3990 gr.
1311 3912 1353 3981 11,

292 4043 323 4102 p.
347 4023 424 4099 211).
