3120 4784
700 439 913 504 „34-

276 615 504 693 ostendissent,
537 633 556 678 a
587 611 700 695 quibus
730 618 943 697 gestarentur.
988 611 1070 677 Nam
1092 613 1154 678 viri
1176 614 1224 679 eIs
1252 620 1339 678 care-

278 726 363 791 bant.
387 726 502 807 Itaque
526 725 686 790 chitonion
709 725 760 790 nie
783 730 833 790 est
855 725 954 791 vestIs
977 743 1077 806 usque
1099 725 1140 789 ad
1162 728 1262 806 pedes
1285 727 1339 792 de-

277 836 387 901 fluens.
433 839 483 901 Ad
513 854 582 900 eam
614 856 739 920 quoque
765 842 891 919 spectat
913 837 992 900 illud
1015 831 1237 918 ἐξωμισάσαις
1258 838 1289 902 h.
1313 858 1338 904 e.

270 943 452 1029 ‘postquam
475 948 657 1014 bracchium
681 953 714 1013 et
735 948 901 1014 humerum
920 947 1056 1014 alterum
1073 949 1200 1013 tunicae
1216 951 1340 1015 manica

276 1061 321 1124 ita
343 1060 500 1139 nudastis,
532 1064 569 1122 nt
591 1052 712 1141 ἐξωμίς
733 1051 815 1124 fiat’.
859 1059 940 1123 Nam
970 1058 1069 1125 lintea
1091 1061 1252 1124 manicata
1273 1061 1339 1126 chi-

276 1169 365 1236 tonia
387 1189 457 1236 esse
481 1190 520 1235 ex
543 1190 581 1236 eo
604 1170 767 1251 coniciam,
800 1173 884 1253 quod
907 1171 1047 1235 doricam
1070 1171 1194 1236 laneam
1217 1179 1339 1237 vestem

276 1281 342 1346 alte
372 1274 632 1344 ἀναστέλλεσθαι
663 1280 825 1347 diIfioilius
855 1282 978 1346 fuisset.
1023 1282 1088 1347 Cur
1118 1281 1178 1347 hoc
1211 1286 1339 1348 omniuo

275 1392 458 1458 faciendum
480 1393 589 1472 fuerit,
612 1394 652 1459 de
674 1394 735 1459 hac
756 1413 793 1459 re
815 1392 908 1458 infra.

360 1507 397 1570 In
421 1505 499 1570 Ran.
522 1525 549 1569 v.
573 1505 636 1572 409
659 1507 812 1587 scriptum
835 1505 999 1571 videmus:
1031 1501 1288 1590 ..μειρακίσκης
1306 1560 1337 1573 ..

277 1611 425 1696 χιτωνίου
447 1614 713 1701 παραρραγέντος
735 1611 865 1680 τιτθίον
887 1611 1073 1700 προκύψαν.
1106 1618 1174 1682 Hoc
1198 1625 1265 1683 tum
1288 1639 1338 1683 so-

275 1730 340 1794 lum
363 1727 432 1793 fieri
447 1729 601 1810 potuisse,
627 1748 698 1793 cum
714 1728 875 1793 chItonion
891 1727 1000 1794 Infima
1015 1731 1114 1794 vestis
1129 1736 1226 1810 esset,
1242 1732 1338 1795 etiam

274 1840 416 1906 Boehlau
439 1842 601 1906 concedet.

359 1953 396 2016 In
420 1972 448 2016 v.
474 1952 535 2015 149
558 1970 625 2034 sqq.
647 1953 849 2035 Lysistratae
871 1953 949 2018 haec
971 1953 1050 2036 ipsa,
1074 1955 1102 2018 si

531 2064 603 2138 τοῖς
622 2057 804 2142 χιτωνίοισι
827 2065 899 2139 τοῖς
922 2055 1109 2148 ἇμορχίνοις

291 2169 294 2176 ⁴
360 2168 477 2258 γυμναί
538 2168 550 2188 ”

273 2287 488 2368 praeterirent
519 2304 621 2367 neque
652 2305 686 2350 se
716 2286 794 2351 viris
816 2287 981 2366 dederent,
1015 2305 1070 2350 eos
1092 2295 1243 2368 pacturos
1265 2305 1336 2352 esse

274 2401 378 2478 putat.
408 2396 504 2461 Haud
527 2396 593 2462 scio
617 2413 658 2461 an
682 2395 915 2478 Aristophanes
937 2397 1088 2462 muIIeres
1110 2401 1211 2464 nudas
1226 2397 1335 2479 appel-

274 2509 399 2574 laturus
421 2527 483 2574 non
506 2506 613 2589 fuerit,
636 2509 665 2572 si
687 2513 721 2573 et
743 2509 852 2573 tunIca
874 2508 970 2590 longa
992 2516 1024 2572 et
1046 2516 1135 2576 veste
1158 2511 1213 2576 illa
1234 2509 1334 2574 Bceh·

274 2621 402 2684 laniena
432 2639 487 2685 eas
519 2620 650 2684 indutas
682 2619 744 2684 sibi
773 2618 926 2686 finxisset.
976 2619 1023 2686 Ne
1053 2621 1180 2688 brevem
1211 2621 1337 2704 quidem

273 2733 446 2797 tuniculam
469 2732 504 2796 id
525 2729 627 2796 fuisse
648 2749 743 2813 posse
766 2739 910 2814 apparet.

358 2846 465 2926 Atque
494 2843 521 2908 si
551 2843 735 2909 Athenaeus
757 2843 853 2924 XIII,
875 2865 906 2926 p.
929 2845 994 2911 590
1010 2843 1038 2908 f:
1073 2838 1199 2929 διόπερ,
1224 2844 1336 2927 iuquit,

273 2946 349 3018 οὐδὲ
371 2949 483 3041 ῥᾴδιον
504 2943 541 3040 ip
563 2945 659 3041 αὐτὴν
681 2954 737 3036 (sc.
753 2955 921 3038 Phrynen)
945 2951 1028 3020 ἰδεῖν
1051 2952 1182 3040 γυμνήν·
1207 2952 1337 3038 ἐχέσαρ-
1362 3021 1364 3025 ,

273 3087 330 3129 κον
351 3062 411 3150 γὰρ
434 3059 584 3148 χιτώνιον
602 3057 789 3150 ἠμπείχετο,
813 3067 846 3132 id
868 3068 995 3148 corpori
1010 3067 1082 3147 ipsi,
1104 3086 1168 3130 non
1183 3066 1238 3129 alii
1253 3067 1336 3129 vesti

273 3176 458 3256 Impositum
498 3175 598 3242 finisse
636 3177 749 3243 elucet.
805 3173 977 3243 Praeterea
1010 3196 1070 3241 vox
1102 3169 1274 3257 ἓνττάτινχχα
1304 3177 1336 3238 in

274 3286 354 3351 Plat.
378 3287 479 3369 Epist.
504 3287 592 3369 XIII,
615 3307 645 3369 p.
662 3289 763 3352 363Α
787 3288 968 3368 appellatur
990 3287 1173 3366 chitonium‚
1195 3287 1229 3351 id
1252 3287 1335 3367 quod

274 3400 375 3482 magis
397 3405 506 3480 aptum
531 3405 582 3464 est
603 3400 731 3464 tunicae
753 3398 877 3480 longae,
900 3417 993 3481 quam
1016 3398 1155 3464 breviori
1178 3397 1234 3463 illi.

357 3512 485 3576 Addere
515 3528 646 3592 possum
669 3507 786 3574 multos
809 3509 906 3588 locos,
936 3509 991 3574 ubi
1014 3508 1187 3575 chitonium
1210 3527 1336 3591 semper

273 3625 372 3689 vestis
403 3623 540 3687 maxime
569 3621 749 3686 necessaria
776 3620 913 3686 videtur.
965 3619 1057 3697 Quod
1089 3621 1129 3686 de
1159 3621 1216 3686 illa
1245 3619 1335 3685 brevi

272 3740 362 3801 veste
392 3732 555 3816 (Βοαίιίοα
572 3752 607 3813 p.
629 3735 678 3811 14)
708 3732 772 3797 dici
801 3751 864 3798 non
893 3737 1009 3814 potest.
1066 3731 1239 3798 Praeterea
1268 3738 1334 3796 tarn

273 3863 368 3926 saepe
391 3846 477 3927 apud
499 3848 625 3908 veteres
648 3849 921 3926 commemoratur,
945 3849 981 3909 ut
996 3845 1084 3909 illam
1099 3851 1230 3927 vestem,
1253 3861 1334 3925 quae

272 3955 377 4020 rarius
399 3956 575 4036 invenitur,
606 3956 739 4019 eandem
762 3974 833 4021 esse
856 3955 908 4020 vix
930 3957 1021 4022 nobis
1043 3958 1237 4037 persuadere
1260 3973 1333 4035 pos-

272 4084 381 4131 sunus.
