3120 4784
679 421 890 486 -37..

252 593 333 658 Nam
357 592 506 659 mulieres
528 594 560 658 in
576 594 721 660 vestibus
743 592 808 658 illis
829 593 967 659 tenuiter
981 592 1110 675 plicatis
1126 593 1314 659 dormivisse

250 705 303 772 vix
325 704 385 770 tibi
407 706 621 787 persuadeam
649 711 683 769 et
711 705 885 770 tuniculam
915 705 955 770 ab
979 705 1024 770 eis
1046 705 1105 770 sub
1129 705 1236 770 tunica
1257 724 1312 787 ge-

250 821 369 882 statam
391 835 471 896 esse,
496 834 590 897 quam
613 822 709 881 noctu
732 836 792 881 non
816 816 1027 899 deponebant,
1050 822 1107 882 aut
1130 818 1169 882 de
1185 821 1312 881 noctur-

249 928 300 992 nis
316 927 458 994 vestibus
474 945 631 1010 nusquam
647 927 819 1010 quidquam
836 928 990 1010 scriptum
1007 928 1161 994 videmus.
1199 929 1312 1009 Itaque

248 1040 434 1122 Praxagora
464 1040 552 1105 nulla
574 1046 663 1106 veste
693 1041 757 1106 nisi
779 1040 877 1122 pallio
908 1040 970 1106 viri
991 1059 1062 1106 sese
1085 1040 1209 1119 amicit,
1240 1058 1309 1105 cum

248 1150 389 1233 reliquae
412 1150 559 1216 mulieres
582 1151 697 1216 tunicis
728 1151 860 1216 indutae
887 1153 919 1216 in
943 1151 1073 1217 comitia
1094 1159 1178 1230 eant,
1208 1156 1242 1216 et
1262 1170 1310 1216 re·

247 1263 365 1344 linquit
387 1264 468 1328 duas
490 1267 604 1342 vestes,
627 1282 707 1345 quas
730 1263 848 1329 cotidie
869 1268 996 1344 gestat:
1020 1263 1145 1345 longam
1170 1263 1309 1328 tunicam

247 1369 523 1460 (ἡμιδιπλοίδιον,
554 1369 777 1459 κροκωτίδιον,
805 1367 970 1458 χινιδνιον)
1001 1381 1034 1440 et
1063 1374 1241 1457 encyclum,
1272 1395 1310 1440 ex

247 1485 362 1567 quibus
384 1484 472 1549 illum
494 1485 651 1567 Blepyrus
674 1485 769 1567 capit.

332 1597 421 1676 Quae
443 1616 512 1662 cum
535 1597 583 1662 ita
606 1597 681 1678 sint,
703 1596 859 1662 Boehlaui
887 1602 956 1663 tota
978 1596 1147 1680 explicatio
1170 1598 1309 1662 omnium

246 1709 373 1774 illarum
397 1709 532 1773 vestium
561 1707 721 1773 reicienda
744 1717 803 1775 est.
849 1707 1004 1791 Exempla
1033 1728 1114 1791 quae
1143 1727 1202 1790 pro
1224 1710 1308 1774 arbi-

245 1821 307 1886 trio
330 1839 389 1886 suo
414 1819 506 1885 affert
530 1819 582 1902 (p.
606 1823 740 1904 14-16)
769 1820 849 1885 nihil
880 1820 996 1887 valent.
1041 1821 1089 1887 Ne
1117 1823 1152 1887 id
1180 1823 1308 1905 quidem

245 1934 309 1997 iam
332 1929 461 1997 defendi
483 1937 591 2013 potest
613 1931 786 2014 diploidem
816 1938 849 1997 et
879 1933 1055 2014 diploidion
1082 1933 1167 1999 inter
1188 1953 1223 2000 se
1245 1935 1307 2000 ‹lif-

245 2043 338 2126 ierre,
367 2042 442 2124 quia
471 2037 637 2129 κροκωνός
667 2049 700 2108 et
722 2039 944 2128 κροκωτίδιον,
973 2039 1071 2124 χιτών
1100 2051 1132 2110 et
1158 2040 1308 2126 χιτώνιον

246 2156 289 2219 ad
310 2155 394 2220 idem
417 2161 574 2237 spectant.
620 2153 684 2220 Sed
706 2155 833 2220 omnino
855 2175 917 2221 non
940 2156 1099 2239 intellego,
1124 2177 1188 2239 qua
1210 2177 1308 2224 causa

246 2265 404 2332 adductus
426 2266 482 2331 illa
504 2267 659 2332 vocabula
681 2268 728 2333 eis
750 2268 893 2333 vestibus
915 2267 1124 2335 muliebribus
1147 2270 1306 2352 tribuerit,

243 2397 376 2459 quarum
399 2379 543 2460 exempla
564 2377 697 2461 profert.
727 2378 837 2461 Neque
858 2379 942 2445 enirn
964 2379 1040 2446 licet
1062 2379 1216 2446 vocabula
1238 2382 1305 2448 vin·

243 2490 360 2572 dicare,
382 2490 457 2570 quia
479 2496 557 2572 apta
578 2510 649 2557 esse
671 2491 794 2557 nobis
817 2491 976 2557 videntur.
1015 2490 1080 2556 Sed
1102 2499 1307 2560 monumenta

242 2620 311 2666 cum
334 2600 427 2666 libris
449 2607 592 2667 veterum
615 2602 829 2684 comparanda
852 2608 936 2668 sunt.
973 2602 1008 2668 Si
1030 2602 1129 2685 igitur
1143 2623 1304 2687 nunquam

241 2711 359 2794 diplois
381 2717 437 2776 aut
460 2713 635 2794 diploidion
659 2714 699 2778 de
714 2719 803 2779 veste
818 2713 965 2779 muliebri
984 2720 1170 2796 usurpatur,
1193 2721 1229 2780 ut
1245 2722 1304 2797 est,

240 2824 351 2904 utique
373 2829 519 2888 vetamur
541 2844 580 2889 ea
603 2823 757 2890 vocabula
779 2825 825 2888 eis
848 2824 992 2890 vestibus
1016 2824 1166 2907 tribuere,
1189 2826 1304 2909 quibus

240 2935 271 2998 in
303 2934 514 3000 monumentis
546 2935 696 3000 mulieres
725 2934 857 3000 indutae
887 2941 1068 3001 cernuntur.
1121 2935 1198 3001 Cum
1229 2957 1304 3004 vero

241 3046 356 3129 diplois
380 3046 481 3112 solum
500 3047 587 3128 apud
601 3047 687 3112 viros
703 3051 974 3128 commemoretur,
997 3047 1076 3112 nihil
1092 3048 1209 3130 obstat,
1224 3070 1302 3133 quo-

240 3158 343 3223 minus
365 3159 591 3240 grammaticos
623 3158 724 3224 secuti
755 3177 826 3224 earn
849 3176 919 3224 esse
940 3159 1131 3226 homericam
1155 3155 1302 3226 δίπλακα

239 3267 307 3333 sive
327 3267 463 3346 χλαῖναν
488 3267 608 3356 διπλῆν
638 3270 706 3336 sive
727 3264 869 3349 δίπτυχα
900 3270 956 3353 (cf.
979 3271 1083 3356 Ebym.
1107 3271 1156 3338 M.
1173 3295 1210 3356 p.
1234 3279 1301 3356 278,

239 3383 295 3456 4⁶⁸5
316 3377 356 3442 ib.
367 3401 402 3460 p.
420 3383 488 3459 278,
504 3385 563 3460 ml,-
585 3382 722 3465 Hespcb.
745 3387 776 3447 et
796 3383 902 3468 Etym.
931 3381 1017 3449 doc.
1039 3405 1063 3449 s.
1087 3405 1115 3449 ιι.
1138 3380 1300 3468 δίπλακα;

238 3487 388 3552 Eustatb.
405 3511 441 3570 p.
463 3495 549 3570 1297,
574 3494 628 3576 62)
657 3511 829 3577 sumamus,
860 3495 949 3560 cuius
979 3495 1175 3562 Studniczlra
1203 3519 1235 3580 p.
1258 3501 1298 3566 78

238 3600 302 3664 tria
333 3599 476 3682 exempla
506 3603 626 3668 attulit.
680 3601 733 3669 Sic
764 3623 888 3687 quoque
917 3606 1060 3691 intellegi
1089 3615 1214 3690 potest,
1244 3629 1300 3676 cur

237 3710 410 3792 Antipater
441 3713 554 3794 (Auru.
571 3715 642 3796 pol.
671 3715 749 3794 VII,
779 3719 836 3799 6⁸5)
865 3717 1000 3801 Diogeni
1029 3713 1108 3802 μίαν
1140 3719 1300 3787 διπλοΐδα

237 3822 361 3906 tribuit,
384 3841 455 3888 cum
478 3824 554 3891 alibi
577 3825 760 3909 philosophi
783 3828 885 3912 cynici
907 3830 1064 3912 duplicem
1086 3826 1227 3917 τρίβωνα
1250 3835 1297 3900 di-

236 3939 351 4000 cuntur
379 3941 524 4020 gestasse
553 3936 662 4022 (Diop.
694 3937 802 4006 Lcdrt.
840 3941 896 4020 VI,
919 3948 944 4019 1,
967 3946 1028 4022 13).
1073 3943 1208 4009 Omnino
1238 3947 1297 4011 du-
