3120 4784
692 396 905 463 „26-

269 569 332 636 Hic
360 569 457 634 etiam
494 569 526 635 in
557 568 704 634 cruribus
734 567 907 633 undulatos
939 566 1042 633 lineas
1073 565 1232 632 adhibitas
1262 559 1336 633 ossa

270 681 369 762 vides,
392 685 429 745 ut
450 681 482 745 in
505 680 662 746 archaicia
684 680 780 761 vasis,
802 698 884 762 quae
907 680 1016 762 nigras
1038 677 1159 762 figuras
1183 677 1336 745 exhibent

270 789 312 872 (o.
335 812 358 856 s.
381 791 439 856 sod
462 791 535 872 θα).
580 790 686 856 Etiam
717 791 786 857 eius
817 791 970 870 mulieris
1005 810 1086 877 quae
1115 790 1223 855 vocari
1251 788 1335 856 solet

271 905 351 986 Spes
373 901 590 984 (Koooodios,
611 903 732 967 moseos
741 893 791 984 pt
806 903 853 983 5),
876 911 910 968 et
931 903 964 966 in
987 881 1335 970 currum'ascendentis

271 1012 531 1096 (Friedr.·Wott
546 1013 727 1078 Boostco'oc
743 1033 793 1078 oo.
812 1013 862 1094 87)
885 1020 918 1080 et
934 1015 1066 1080 dearum
1081 1013 1114 1079 in
1131 1031 1207 1079 vase
1224 1011 1335 1079 Sosiae

269 1126 416 1192 fictarum
448 1124 571 1205 (Berol.
604 1128 700 1203 2278;
734 1124 841 1204 Gari„
869 1125 985 1208 princi.
1019 1146 1051 1190 u.
1079 1129 1135 1190 etr.
1168 1122 1334 1189 Triolcsclr.

279 1235 337 1320 VI!
346 1235 433 1315 VIL·
453 1235 531 1301 Ant.
553 1233 689 1301 Dentm.
704 1236 734 1316 Ι,
750 1239 785 1319 9)
807 1241 914 1304 vestas
936 1237 1109 1319 interese,
1132 1255 1212 1319 quas
1234 1234 1335 1318 expli-

271 1350 406 1430 cuimus,
434 1348 650 1412 numerandae
681 1354 763 1413 sunt.
809 1347 937 1413 Nullam
959 1346 1055 1412 aliam
1078 1366 1149 1414 esse
1171 1352 1250 1430 puto
1273 1345 1335 1412 nisi

271 1478 367 1525 unam
389 1459 529 1524 tunicam
551 1457 688 1524 ionicam
710 1460 880 1541 sinuatam,
911 1478 974 1526 non
997 1457 1078 1525 duas
1100 1466 1224 1540 vestes,
1254 1476 1336 1540 quas

272 1569 418 1638 Boehlau
439 1569 623 1636 Kavvadias
640 1569 918 1653 Furtwaenglerus
940 1569 1035 1653 (Kal.
1058 1571 1088 1636 d.
1103 1570 1193 1636 Berl.
1215 1569 1336 1636 Vaseo-

271 1682 393 1749 somml.
413 1703 446 1764 p.
470 1686 535 1741 552
555 1680 815 1765 „Wollewoms“)
846 1684 1102 1750 animadvertere
1133 1682 1193 1748 sibi
1225 1683 1336 1749 viden·

272 1792 399 1874 cerff).
435 1794 483 1859 De
506 1811 545 1859 oa
567 1811 750 1877 quoquere
774 1794 866 1860 valde
888 1794 1011 1873 dubito,
1032 1814 1108 1860 num
1132 1813 1258 1876 semper
1280 1812 1336 1875 pa-

272 1906 345 1988 plus
366 1905 430 1983 ille,
462 1905 516 1988 qui
546 1903 734 1988 plerumque
756 1924 854 1988 supra
875 1907 1016 1972 tunicam
1039 1910 1195 1989 gestatur,
1218 1905 1337 1988 duplex

274 2016 327 2098 sit,
358 2035 397 2082 oc
423 2035 486 2082 non
509 2035 606 2098 saepe
627 2035 666 2083 aa
688 2017 799 2099 vestis,
827 2036 911 2101 quae
940 2017 999 2083 sub
1014 2007 1283 2101 ‘apoptygmate’‚
1306 2021 1338 2082 et

273 2127 393 2205 tunica,
425 2145 508 2209 quae
536 2127 568 2192 in
592 2127 671 2193 collo
694 2132 728 2194 et
748 2133 879 2209 pectore
901 2129 1052 2211 cernitur,
1074 2131 1185 2195 eadem
1208 2130 1259 2210 sit,
1291 2129 1338 2193 ita

274 2244 311 2305 ut
333 2239 431 2307 etiam
461 2238 513 2304 hic
541 2255 641 2319 rugae
670 2238 845 2305 undulatae
875 2241 907 2304 in
930 2246 1035 2306 rectas
1058 2259 1129 2306 sese
1151 2239 1335 2306 dissolvant.

361 2351 497 2417 Restant
520 2342 716 2417 ‘chitoniaci'
745 2349 792 2415 illi
819 2342 943 2433 ‘lanei'‚
974 2351 1089 2435 quibus
1120 2350 1338 2418 adulescentes

276 2481 375 2544 supra
396 2463 529 2528 linteum
552 2463 681 2528 indutos
703 2480 775 2528 esse
797 2462 940 2528 Boehlau
966 2464 1016 2547 (p.
1036 2469 1084 2543 6⁴8,
1107 2465 1184 2530 cdo.
1205 2465 1238 2545 2)
1259 2461 1337 2528 vult.

278 2574 453 2658 (Ecempla
474 2594 502 2638 o.
524 2572 583 2638 snb
604 2575 647 2655 2.)
689 2573 739 2637 Ex
768 2574 815 2639 eis
837 2593 919 2657 quae
941 2576 1085 2658 exposui,
1116 2576 1221 2642 elucet
1243 2573 1339 2641 etiam

276 2685 329 2752 hic
351 2704 446 2751 unam
468 2690 591 2751 vestem
606 2701 677 2750 esse
692 2688 959 2768 cognoscendam:
982 2686 1111 2754 brevem
1132 2687 1265 2753 linteam
1288 2688 1340 2749 tu·

276 2798 390 2878 nicam,
412 2815 494 2880 quae
515 2801 572 2861 aut
593 2801 820 2879 apoptygmate
841 2804 978 2880 augetur
1000 2801 1149 2866 autsinu.
1180 2798 1214 2864 Si
1232 2799 1340 2863 siuna-

277 2914 341 2990 tur,
373 2927 473 2992 usque
495 2909 537 2972 ad
559 2908 718 2988 cingulum
742 2908 792 2974 vel
814 2912 920 2992 quoad
942 2912 1030 2976 sinus
1053 2911 1207 2990 extendit,
1238 2906 1341 2989 plicae

279 3027 354 3086 sunt
377 3020 567 3100 undulatae;
597 3026 715 3099 rectae,
738 3020 765 3084 si
794 3026 989 3104 apoptygma
1018 3021 1197 3087 adhibetur.
1242 3016 1340 3083 (luius

278 3132 326 3198 rei
365 3132 520 3214 optimum
557 3129 734 3211 exemplum
771 3137 821 3196 est
859 3131 991 3198 Doridis
1028 3149 1084 3197 vas
1121 3148 1220 3212 supra
1256 3145 1340 3193 com·

281 3250 492 3310 memoratum
514 3242 663 3323 (Wiener
692 3238 860 3323 Vorlopetl.
883 3238 951 3306 Sor.
974 3240 1052 3320 VII,
1067 3241 1107 3324 1).
1153 3242 1242 3318 Quae
1265 3237 1346 3305 vero

280 3356 363 3420 mira
384 3373 437 3421 res
459 3357 591 3434 oriatur,
620 3351 648 3417 si
669 3351 749 3415 duas
771 3352 896 3417 tunicas
918 3370 989 3420 esse
1011 3359 1115 3436 putes,
1148 3351 1207 3418 tibi
1229 3349 1340 3434 fingas.

278 3467 422 3533 Primum
443 3483 598 3550 nusquam
621 3461 777 3542 scriptum
799 3461 943 3529 videmus
968 3464 1086 3531 milites
1108 3463 1233 3529 duabus
1254 3463 1341 3531 tuni-

280 3581 326 3646 cis
348 3579 447 3645 indui.
491 3577 535 3641 Et
564 3590 668 3639 nonne
690 3570 785 3637 nimis
807 3575 978 3642 sudassent
1000 3576 1058 3642 sub
1080 3577 1202 3643 lorica?
1245 3575 1342 3659 Apud

369 3740 419 3816 17)
443 3731 542 3796 Quare
563 3726 738 3802 intellegere
759 3747 923 3804 possumus,
945 3753 997 3792 cur
1018 3733 1115 3811 pictor
1136 3735 1166 3792 in
1183 3734 1226 3794 ais
1241 3752 1341 3793 axem-

280 3839 346 3916 plis,
377 3860 453 3919 quae
483 3835 515 3893 in
545 3832 612 3892 adn.
638 3833 675 3888 15
708 3829 806 3903 attuli,
837 3837 868 3892 et
897 3835 1054 3911 posteriori
1081 3837 1158 3914 parti
1190 3834 1342 3896 inferioris

279 3941 372 4003 vestis
401 3948 432 4004 et
461 3944 499 4019 ei,
528 3955 587 4018 qua
615 3939 719 4010 pectus
749 3932 869 4010 tegitur,
897 3943 949 3999 aut
970 3938 1094 4000 manicis
1115 3939 1233 4000 easdem
1254 3955 1343 4014 rugas

279 4044 393 4107 tribuit.
