3120 4784
783 1717 838 1782 IV.

333 1869 384 1936 De
407 1869 592 1936 vocabulis
613 1863 772 1949 χιτώνιον,
796 1863 1051 1955 ἧμιόιπλοῖδιον,
1074 1867 1287 1956 κροκωτίδιον

718 1979 909 2048 similibus.

367 2171 466 2235 Varia
487 2169 623 2234 vestium
646 2169 847 2234 muliebrium
869 2172 1008 2252 nomina,
1032 2170 1147 2254 quibus
1170 2172 1273 2238 altero
1295 2176 1344 2238 di-

281 2283 380 2347 midio
403 2281 522 2347 saeculi
550 2281 652 2362 quinti
676 2280 887 2347 Athenienses
919 2283 1107 2364 utebantur,
1139 2285 1342 2366 explicaturis

280 2394 371 2458 nobis
399 2394 431 2457 in
455 2392 670 2474 Aristophane
700 2393 856 2474 imprimis
886 2394 1052 2459 nitendum
1082 2415 1152 2460 esse
1181 2394 1340 2461 Boehlauo

280 2511 365 2587 (cap.
389 2505 426 2585 I)
448 2505 622 2569 assentitus
645 2503 762 2585 incipio
785 2503 825 2568 ab
847 2503 1141 2572 Eeolesiazusarum
1164 2507 1259 2587 loeis,
1288 2507 1341 2587 qui

278 2619 321 2682 ad
351 2617 522 2698 Blepyrum
551 2615 648 2697 pallio
679 2617 906 2698 aPraxagora
938 2618 1129 2684 destitutum
1160 2625 1194 2685 et
1222 2625 1341 2685 vestem

279 2730 348 2794 eius
376 2728 438 2793 sibi
459 2729 644 2793 induentem
667 2732 814 2809 spectant
843 2727 885 2810 (v.
909 2732 970 2788 313
991 2750 1066 2812 sqq,
1097 2734 1157 2790 328
1179 2751 1256 2813 sqq„
1285 2734 1344 2792 372

282 2859 357 2921 son,
381 2843 447 2898 535
469 2840 558 2921 sor->-

366 2951 452 3027 Quos
483 2969 554 3015 eum
587 2950 732 3016 Boehlau
762 2958 912 3017 accurate
938 2953 1186 3035 examinaverit,
1219 2954 1345 3019 brevior

280 3081 351 3128 esse
374 3077 512 3143 possum.
558 3064 646 3128 Idem
677 3062 806 3127 videtur
834 3063 911 3127 mihi
939 3063 1177 3129 demonstrasse
1205 3065 1343 3145 primum

281 3173 444 3256 eneyelum
468 3181 501 3239 et
515 3180 647 3255 vestem,
670 3193 733 3257 qua
748 3175 925 3240 circumieit
940 3194 975 3239 se
990 3175 1158 3257 Blepyrus,
1180 3194 1244 3239 non
1259 3174 1344 3239 idem

282 3303 361 3366 esse,
386 3286 503 3350 deinde
525 3285 608 3350 hane
630 3305 688 3367 pro
711 3286 906 3366 indumento,
936 3305 999 3351 non
1025 3305 1084 3367 pro
1106 3284 1204 3367 pallio
1226 3285 1344 3350 hahen-

281 3398 365 3461 dum.
412 3397 505 3473 Quod
527 3417 602 3463 vero
625 3397 767 3463 Boehlau
790 3396 840 3479 (p.
864 3398 914 3479 14)
937 3389 1148 3479 ‘superulam'
1173 3416 1244 3463 esse
1266 3397 1345 3461 illud

280 3508 454 3573 chitonium
477 3510 650 3590 contendit,
673 3510 763 3574 euius
787 3510 929 3592 exempla
952 3507 1045 3574 affert
1069 3509 1164 3574 Aroh.
1190 3509 1267 3575 Zeit.
1291 3509 1344 3588 34,

284 3618 375 3699 1876,
398 3619 447 3685 rf.
466 3622 514 3700 11,
537 3618 709 3701 Benndorf,
731 3621 849 3703 grieeh.
874 3641 905 3684 n.
928 3622 984 3685 siz.
1007 3620 1144 3686 Vasenb.
1168 3619 1216 3685 Ti.
1240 3621 1290 3701 27,
1315 3629 1344 3701 3,

282 3730 366 3795 Mon.
390 3733 420 3796 d.
443 3732 522 3796 Inst.
545 3733 584 3813 X,
606 3733 658 3812 54,
681 3733 711 3798 ei
734 3733 883 3797 assentiri
907 3751 969 3797 non
992 3751 1133 3813 possum.

368 3843 444 3907 Tria
472 3843 572 3923 igitur
603 3848 677 3907 sunt
699 3845 844 3919 nomina,
874 3862 955 3926 quae
978 3843 1211 3925 Aristophanes
1241 3843 1344 3907 eidem

285 3956 368 4020 vesti
398 3954 526 4019 tribuit:
556 3947 714 4034 χιτώνιον,
745 3949 966 4037 κροκωτίδιον,
998 3948 1254 4040 ἣμιόιπλοΐόιον.
1298 3954 1345 4016 Ac

283 4066 422 4148 primum
445 4065 675 4148 explicandum,
698 4068 753 4151 qui
774 4064 841 4148 fiat,
864 4070 901 4130 ut
922 4067 978 4131 uni
999 4067 1084 4132 vesti
1106 4071 1154 4131 tot
1176 4065 1267 4130 varia
1288 4082 1345 4127 no-
