3120 4784
1 583 3 656 l

657 407 870 472 ..41-

232 574 460 659 scriptionibus
482 575 566 653 effici
589 596 683 659 posse
705 577 785 644 dicit
807 578 858 659 (p.
880 577 947 660 23),
973 575 1148 657 imprimis:
1170 579 1293 640 utrum·

231 706 292 769 que
313 686 446 753 linteum
469 686 577 768 fuisse,
600 709 683 754 vana
705 695 789 755 sunt.
835 688 916 754 Nam
939 688 968 754 si
991 687 1140 768 Melissa,
1171 686 1293 754 Proclis

228 797 306 880 lilia,
336 793 515 882 μονοχίτων
538 800 720 884 appellatur
742 799 871 881 (Attea.
896 798 1003 879 XIII,
1020 821 1056 882 p.
1076 799 1188 881 odas),
1219 800 1294 882 quia

230 912 494 994 peloponnesiaco
516 912 635 977 vestita
656 911 768 992 luerit,
799 913 828 977 h.
852 917 1008 977 austere
1030 910 1126 994 peplo
1149 911 1216 976 sive
1238 913 1293 977 do·

229 1024 295 1089 rico
317 1023 444 1089 chitone
465 1023 519 1105 qui
543 1033 683 1102 vocatur,
715 1023 743 1089 si
766 1023 927 1089 Victoriae
949 1023 982 1088 iu
1004 1041 1121 1105 pompa
1144 1022 1202 1087 illa
1224 1023 1293 1088 dio-

230 1135 362 1218 nysiaea
384 1133 559 1200 Ptolemaei
573 1133 779 1217 Philadelphi
802 1129 951 1219 ζῳωτοὺς
973 1126 1176 1198 ἐνδεδυκυῖαι
1195 1137 1293 1214 χιτῶ-

231 1269 296 1327 νας,
320 1246 375 1329 qui
397 1247 482 1312 lanei
505 1244 605 1312 fuisse
628 1246 757 1327 debent,
787 1264 857 1310 cum
879 1245 1002 1329 figurae
1023 1245 1087 1312 lino
1110 1246 1209 1311 intexi
1230 1266 1292 1311 non

228 1360 361 1438 possint,
386 1357 610 1440 ingrediuntur
634 1357 763 1440 (Attea.
780 1357 815 1436 V,
832 1379 869 1439 p.
892 1358 998 1440 1970),
1022 1359 1174 1424 concedes
1196 1376 1288 1423 voca-

230 1468 338 1534 bulum
359 1464 457 1548 χιτών
479 1470 574 1534 etiam
599 1470 641 1534 ad
664 1469 773 1534 laneas
796 1477 830 1535 et
851 1469 978 1534 doricas
1000 1470 1126 1535 tunicas
1149 1487 1220 1534 esse
1243 1488 1291 1534 re-

229 1581 338 1646 latum.
384 1580 447 1646 Sed
478 1599 576 1662 supra
607 1580 680 1646 aliis
710 1581 816 1648 causis
847 1581 936 1646 nisus
968 1580 1027 1646 hoc
1056 1580 1120 1645 iam
1143 1579 1291 1645 eruebam

228 1693 281 1777 (ct.
295 1715 328 1775 p.
345 1698 385 1753 38
399 1692 467 1776 sp).
483 1729 524 1738 -
551 1691 691 1758 Boehlau
709 1693 806 1758 etiam
822 1693 906 1758 inter
929 1691 1073 1757 chitones
1095 1696 1128 1757 et
1150 1691 1292 1757 chitonia

228 1804 398 1883 discernit;
428 1802 499 1868 illos
521 1801 621 1869 fuisse
644 1803 805 1887 simplices
828 1810 861 1869 et
885 1803 1070 1883 manicatos,
1092 1802 1170 1868 haec
1192 1821 1293 1883 neque

227 1915 387 1980 manicata
409 1919 442 1979 et
464 1914 606 1996 duplicia
630 1923 687 1979 aut
710 1915 879 1998 simplicia.
928 1919 969 1980 At
991 1915 1128 1996 primum
1151 1914 1214 1979 iam
1237 1932 1294 1996 per
1399 1941 1401 1948 ·

229 2045 263 2090 se
284 2026 387 2107 ipsum
411 2033 547 2108 apparet
568 2027 656 2092 nullo
679 2028 773 2091 modo
796 2047 813 2091 e
836 2027 998 2092 vocabulis
1021 2027 1174 2109 explicari
1189 2045 1292 2110 posse,

230 2155 286 2202 cur
313 2156 349 2202 eo
379 2138 473 2202 modo
503 2139 588 2204 inter
618 2158 652 2204 se
683 2137 846 2204 differant.
892 2138 1015 2204 Deinde
1038 2158 1138 2220 supra
1162 2140 1291 2204 demon-

232 2249 331 2316 stravi
353 2250 563 2333 magistratus
586 2250 732 2317 nonsibi
755 2250 950 2333 constitisse,
973 2251 1020 2316 eis
1043 2270 1103 2317 non
1127 2271 1198 2317 esse
1221 2270 1294 2317 con-

228 2359 400 2428 fidendum.
446 2363 560 2443 Itaque
589 2361 654 2428 illis
676 2363 788 2443 paucis
810 2363 1072 2445 inscriptionibus
1095 2363 1198 2428 nisum
1223 2370 1293 2428 tan·

229 2479 281 2539 tas
304 2472 502 2540 differentias
524 2480 668 2540 statuere
683 2475 837 2541 audacius
853 2483 911 2542 est.
944 2474 987 2539 Et
1002 2474 1144 2540 Boehlau
1159 2475 1295 2556 denique

229 2605 266 2650 eo
287 2585 442 2665 pervenit,
465 2591 502 2651 ut
525 2586 586 2651 sibi
609 2587 678 2669 ipse
701 2595 874 2670 repugnet:
908 2587 1030 2652 laneam
1055 2592 1185 2666 vestem,
1212 2606 1294 2669 quae

228 2697 260 2761 in
283 2697 436 2780 exemplis
458 2717 488 2780 p.
512 2698 552 2763 14
575 2698 736 2763 invenitur
758 2703 791 2762 et
812 2698 1089 2780 hemidiploidium
1114 2698 1153 2764 ab
1176 2717 1212 2764 eo
1234 2717 1291 2780 pu·

230 2815 326 2890 tatur,
350 2829 380 2890 p.
404 2810 446 2874 23
469 2811 552 2875 inter
574 2809 674 2876 lintea
695 2809 887 2876 vestimenta
910 2817 1064 2876 numerat.
