3120 4784
658 365 870 430 ..40-

231 536 327 602 aliter
348 536 481 603 notavit.
526 539 576 601 An
607 534 842 618 praescriptum
871 533 971 602 fuisse
1000 534 1047 600 eis
1077 540 1189 617 putas,
1217 533 1294 615 quid

232 648 430 714 scriberent?
474 648 517 713 Et
539 647 716 714 invenimus
738 647 771 712 in
794 635 1057 729 inscriptionibus
1082 646 1115 712 0.
1135 646 1160 712 Ι.
1178 647 1215 710 Α.
1231 646 1291 712 751

231 764 265 825 et
288 760 351 825 754
373 760 502 842 saepius
525 753 657 843 ἱμάτιον
679 765 975 839 commemoratum,
1008 759 1093 841 quod
1124 764 1157 824 et
1179 757 1239 823 viri
1261 767 1295 823 et

232 871 373 938 mulieris
404 875 437 936 et
465 871 558 953 pueri
579 887 650 936 esse
672 875 788 952 potest.
831 871 878 936 Re
901 889 977 936 vera
998 869 1194 936 adscribitur
1216 892 1293 933 παι-

232 981 329 1063 datos,
353 974 511 1068 ἀνδρεῖον,
533 983 723 1065 γυναικεῖον,
748 987 783 1046 at
805 1001 867 1047 non
889 1000 1024 1064 semper.
1069 980 1150 1046 Nam
1173 979 1294 1062 legitur

231 1095 327 1159 etiam
350 1093 452 1160 solum
468 1087 599 1178 ἱμάτιον
613 1087 725 1157 λευκόν
747 1092 800 1175 (0.
815 1092 849 1159 J.
866 1093 908 1158 A.
924 1098 991 1172 754,
1007 1097 1044 1152 19
1060 1098 1091 1158 at
1105 1093 1166 1175 21),
1182 1112 1292 1175 quam-

232 1224 325 1287 quam
349 1207 377 1271 si
400 1204 537 1288 diligens
560 1204 675 1270 fuisset
697 1205 917 1288 magistratus,
948 1205 1122 1271 notandum
1145 1203 1220 1285 fuit,
1250 1205 1294 1269 ad

232 1316 322 1382 cuius
344 1317 470 1399 generis
493 1322 526 1382 et
548 1299 665 1382 aetatis
687 1316 845 1382 hominem
861 1316 961 1383 vestis
977 1321 1148 1399 spectaret.
1180 1317 1293 1399 Itaque

232 1447 271 1493 ne
292 1428 326 1493 id
350 1429 477 1511 quidem
500 1426 704 1494 manifestum
730 1428 867 1509 videtur,
891 1429 1084 1495 chitoniscos
1099 1448 1208 1494 omnes
1224 1448 1292 1493 mu-

231 1540 343 1606 lierum
367 1560 437 1607 esse
458 1540 621 1623 (Boeblcu
630 1561 666 1622 p.
683 1542 737 1624 22)
759 1560 861 1624 neque
875 1542 1002 1606 omnino
1016 1540 1198 1620 verisimile,
1218 1541 1294 1623 quia

231 1653 384 1734 picturae,
415 1653 447 1718 in
478 1652 593 1735 quibus
622 1652 738 1718 mulier
759 1672 796 1719 eo
819 1654 938 1719 uestita
959 1653 1108 1733 comitur,
1137 1652 1224 1718 haud
1246 1651 1293 1718 ita

231 1763 341 1829 crebro
371 1764 576 1831 inueniuntur
598 1766 640 1844 (ο.
662 1764 710 1846 a).
762 1766 859 1847 Apud
889 1765 1062 1845 scriptores
1091 1768 1198 1829 autem
1228 1762 1293 1829 fere

230 1893 355 1956 semper
386 1875 580 1942 chitouiscus
615 1877 658 1940 ad
692 1877 778 1942 viros
808 1885 866 1941 aut
896 1876 1115 1942 adolescentes
1144 1873 1293 1941 refertui.

230 1986 318 2053 Duos
341 1993 465 2053 tantum
488 1987 573 2054 locos
595 1987 711 2068 inveni,
734 1988 788 2070 qui
811 1988 854 2052 ad
876 1988 1024 2053 mulieres
1047 1993 1210 2070 spectant;
1234 1989 1292 2054 sed

231 2097 332 2164 altero
362 2099 494 2165 additur
523 2099 731 2166 chitoniscum
758 2101 950 2166 manicatum
974 2099 1136 2166 mulierem
1159 2098 1292 2165 liberam

232 2227 293 2275 non
323 2211 515 2294 decere²⁷)‚
544 2210 646 2277 altero
674 2211 758 2277 falsa
785 2218 834 2277 est
862 2210 1030 2295 lection).
1074 2212 1188 2293 Itaque
1219 2215 1294 2277 Am·

234 2322 357 2388 monius
381 2323 430 2405 (p.
454 2328 511 2382 148
540 2323 703 2406 Votcbea.)
726 2343 788 2389 non
811 2324 879 2390 sine
900 2323 1007 2405 aliquo
1029 2324 1098 2389 iure
1115 2323 1292 2390 contendit:

231 2428 379 2514 χιτώνιον
401 2430 457 2498 καί
477 2429 670 2514 χιτωνίσκος
699 2433 867 2522 διαφέρει·
894 2430 1086 2516 χιτωνίσκος
1108 2432 1168 2519 μὲν
1189 2431 1249 2520 γὰρ
1271 2427 1288 2498 ὁ

232 2541 289 2610 rob
305 2536 422 2630 ἀνδρὸς
434 2540 541 2626 χιτών,
562 2540 711 2625 χιτώνιον
726 2544 763 2612 δὲ
777 2544 816 2610 τὸ
829 2549 886 2634 τῆς
908 2543 1057 2630 γυναικὸς
1071 2540 1201 2630 ἔνδυμα.
1231 2545 1292 2612 Nc·

233 2676 294 2738 que
316 2657 399 2723 enim
421 2677 559 2740 unquam
583 2658 757 2725 chitonium
780 2661 888 2725 tunica
902 2659 1041 2724 uirorum
1057 2657 1240 2741 appellatur
1261 2663 1293 2722 et

234 2769 333 2834 madto
355 2769 482 2852 saepius
514 2770 555 2835 de
576 2775 665 2836 veste
686 2771 834 2837 muliebri
855 2775 1039 2853 usurpatur,
1068 2789 1163 2852 quam
1185 2763 1291 2849 χιτών.

319 2880 407 2959 Quae
429 2882 564 2964 denique
585 2882 727 2949 Boehlau
758 2884 797 2949 de
819 2883 959 2950 chitonio
980 2887 1013 2949 et
1035 2882 1162 2949 chitonc
1184 2901 1222 2948 cx
1244 2881 1292 2946 iu·

320 3072 374 3152 27)
397 3075 520 3149 Procop.
537 3073 616 3134 Hist.
636 3075 744 3135 Arcad.
760 3095 783 3134 o.
801 3080 818 3132 9
838 3069 1004 3156 Oroda'pof.
1021 3070 1216 3151 ,χιτωνίσκον
1238 3090 1293 3148 χει-

232 3167 360 3255 ριδωιὸν
383 3169 581 3252 ἀμπεχομένη,
605 3169 702 3258 δούλῳ
726 3171 812 3235 παιδὶ
834 3171 986 3255 πρέποντα
1002 3224 1008 3238 .
1026 3222 1057 3237 ..

319 3278 371 3356 28)
394 3279 548 3338 Demosth.
571 3279 660 3354 XIX,
683 3301 711 3357 p.
735 3284 815 3340 403:
846 3299 949 3342 servus
971 3280 1123 3340 mulierem
1146 3281 1293 3358 quandam

231 3383 389 3444 verberare
410 3382 508 3440 iussus
530 3386 687 3462 postquam
711 3383 906 3443 chitoniscum
929 3383 992 3442 eiua
1013 3383 1116 3456 scidit,
1146 3382 1292 3443 verberat.

232 3484 397 3544 Scholiasta
425 3487 523 3544 autem
546 3485 582 3544 ad
604 3485 696 3546 Arist.
720 3486 798 3548 Nub.
823 3490 883 3544 320
912 3486 1037 3547 exhibet
1058 3485 1184 3562 χιτῶνα,
1214 3484 1293 3564 quod

232 3587 456 3648 anteferendum
479 3590 533 3647 est.
578 3588 650 3648 Gum
673 3588 752 3668 apim
774 3608 878 3650 servus
892 3593 1005 3650 vestem
1020 3588 1145 3660 scindat,
1166 3591 1201 3648 ut
1214 3587 1294 3646 nuda

232 3689 354 3766 vapulet
382 3687 501 3761 mulier,
531 3693 592 3763 aut,
621 3690 646 3750 si
676 3691 857 3751 chitoniacua
886 3711 975 3768 supra
1004 3691 1134 3752 tunicam
1165 3689 1293 3765 longam,

234 3811 292 3872 qua
314 3790 443 3851 caruisse
464 3790 515 3850 illa
537 3812 597 3851 non
619 3798 727 3869 potest,
756 3793 822 3866 fuit,
852 3797 886 3854 ut
906 3794 949 3867 fit,
977 3795 1051 3853 haec
1073 3812 1194 3873 quoque
1216 3793 1294 3852 acin-

233 3895 328 3953 denda
350 3898 428 3968 erat,
457 3897 509 3954 aut
530 3894 555 3953 si
577 3895 631 3955 sub
654 3896 755 3956 tunica
777 3900 853 3968 orat,
884 3900 1093 3978 praeterquam
1115 3897 1195 3976 quod
1216 3916 1293 3955 nun·

233 4017 321 4078 quam
343 3996 387 4071 ct,
408 3997 501 4059 verba
522 4002 622 4059 essent
644 4000 776 4060 obscura
