3120 4784
623 467 834 534 „17-

196 659 368 724 possumus
398 639 580 706 evestibus
610 641 775 708 mulierum
808 645 893 709 vasis
916 645 1094 724 Frnneoisii
1116 642 1260 728 aliisque,

200 753 255 839 ubi
279 760 311 818 et
334 771 432 834 supra
455 758 487 816 et
510 750 593 816 inira
612 755 793 819 maeandris
809 775 829 818 u
843 755 966 837 reliqua
982 763 1069 821 veste
1085 756 1261 822 seiunctum

201 874 260 931 est.
307 865 373 930 Aut
400 864 429 928 si
460 863 522 928 elio
553 867 645 929 modo
673 871 819 930 ornatum
851 873 901 932 est
929 886 966 932 ae
989 868 1096 947 vestis,
1125 866 1264 933 fortasse

198 977 331 1058 pictoris
363 977 469 1041 studio
498 977 645 1041 variandi
668 978 871 1043 tribuendum
895 987 954 1044 est.
998 981 1134 1045 Omnino
1157 988 1261 1045 autem

200 1089 404 1171 ineptissima
426 1095 511 1153 esset
534 1089 651 1153 vestis:
685 1091 767 1154 duae
789 1090 924 1156 laciniae
946 1090 977 1155 in
1000 1091 1141 1156 humeris
1157 1089 1262 1157 fibulis

199 1201 379 1266 consertae!
394 1201 445 1281 ¹¹)
498 1199 582 1276 Quid
620 1201 681 1265 sibi
711 1201 836 1268 voluit?
889 1201 998 1284 Neque
1031 1208 1145 1284 postea
1176 1205 1263 1284 apud

200 1313 411 1378 Athenienses
443 1329 544 1392 neque
575 1313 661 1393 apud
683 1311 781 1377 ullum
806 1313 955 1394 populum
980 1315 1182 1395 antiquorum
1207 1323 1264 1379 eut

200 1432 380 1490 nostrorum
414 1429 589 1503 temporum
621 1423 786 1504 reperitur.
810 1461 852 1470 —
876 1423 939 1489 Sed
965 1432 1071 1490 vestes
1093 1426 1263 1493 muliebres

199 1537 287 1602 vasis
310 1507 485 1614 Freneoisii
507 1553 568 1597 non
591 1552 715 1615 semper
736 1532 888 1600 fibulatee
910 1542 994 1600 sunt.
1027 1536 1095 1600 Iam
1119 1536 1264 1603 Boehlau

198 1649 234 1730 (l.
259 1648 279 1712 i.
297 1668 332 1729 p.
356 1646 407 1728 27)
432 1646 562 1724 Dianae,
595 1665 677 1728 quae
700 1647 818 1711 dieitur
840 1647 985 1728 asiatica,
1018 1648 1160 1728 exemplo
1182 1669 1261 1715 usus

197 1766 257 1826 est.
302 1760 430 1824 Addere
462 1758 568 1838 potuit
598 1756 760 1838 Calliopen
789 1759 931 1823 eiusdem
958 1759 1052 1836 vasio,
1085 1761 1260 1825 Minervam

199 1871 439 1951 Panatheneioi‚
462 1870 547 1949 quod
569 1876 701 1934 vocatur
723 1869 919 1951 Burgonium
943 1871 1262 1950 (Malia-Wiener,

109 1992 116 2007 “
200 1984 335 2049 Dendm.
359 1984 388 2046 d.
411 2003 441 2046 a.
464 1981 509 2046 K.
533 1979 562 2060 1,
585 1986 630 2059 17,
653 1986 691 2039 91
702 1980 747 2064 a),
771 1982 843 2046 alie.
898 1981 960 2046 Ubi
984 1983 1045 2048 etsi
1068 1990 1263 2065 epoptygma

203 2095 369 2175 inuenitur,
393 2101 499 2157 tamen
521 2089 637 2157 fibulae
653 2093 802 2156 videntur
818 2094 929 2158 deesse
944 2101 977 2158 et
992 2095 1135 2160 munione
1151 2094 1263 2160 breves

207 2209 281 2272 resti
304 2224 375 2272 esse
405 2205 583 2269 adiunctae.
628 2204 699 2281 Qua
728 2222 763 2268 re
785 2223 846 2268 non
877 2211 943 2269 tem
967 2205 1104 2270 tunicam
1128 2207 1262 2271 ionicum

202 2318 401 2382 invadentem
426 2315 599 2398 significari
627 2323 722 2396 puto,
754 2335 848 2398 quem
880 2318 1091 2384 imitationem
1122 2321 1261 2384 virorum

199 2431 336 2495 tunicae.

286 2540 483 2606 Gravissime
516 2558 590 2603 vero
619 2539 733 2620 peplus
768 2541 850 2604 sexti
880 2540 1000 2606 saeculi
1030 2541 1070 2606 ab
1102 2541 1263 2607 homerico

199 2674 236 2719 eo
260 2651 377 2732 differt,
400 2653 484 2733 quod
506 2657 657 2716 consutus
680 2656 731 2716 est
753 2652 838 2716 eirca
853 2670 947 2716 crure
962 2670 1061 2733 usque
1077 2655 1115 2717 ad
1134 2663 1262 2733 peetus;

198 2784 276 2846 ergo
302 2783 361 2828 non
386 2763 602 2829 circumieitur
624 2763 680 2843 (of.
704 2760 820 2827 Sinnin.
838 2783 874 2843 p.
898 2763 964 2844 95),
986 2764 1044 2827 sed
1066 2764 1219 2828 induitur.

285 2875 415 2940 Vestem
437 2874 631 2957 superiorem
655 2874 740 2954 apud
763 2872 934 2937 Homerum
957 2893 1052 2938 unam
1076 2893 1154 2955 esse,
1181 2894 1262 2955 quae

201 2997 259 3052 aut
272 2983 440 3071 καλύπτρη
454 2992 511 3050 aut
525 2980 679 3066 κάλυμμα
695 2991 751 3047 aut
766 2977 951 3069 κρήδεμνον,
974 2985 1070 3049 etiam
1085 2987 1263 3066 posteriore

201 3106 318 3178 aetate,
349 3105 489 3177 vocetur,
522 3096 736 3161 Studniozkae
759 3095 990 3160 eoncedendum
1015 3105 1074 3161 est.
1118 3097 1155 3160 In
1180 3098 1262 3162 enti·
1302 3171 1305 3177 ,

200 3213 271 3294 quis
304 3219 412 3276 eutem
442 3213 528 3276 vasis
558 3210 666 3274 atticis
698 3211 777 3273 duo
806 3207 998 3272 vestimento
1025 3209 1190 3290 superiora
1213 3210 1260 3273 in-

201 3326 386 3390 veniuntur:
418 3341 551 3405 pervum
584 3321 624 3401 (e.
647 3342 671 3384 e.
694 3321 843 3385 Ariadne
859 3325 997 3401 paterae
1020 3319 1261 3398 Marathonide,

200 3436 315 3500 Athen.
339 3435 469 3499 Metron.
498 3433 576 3510 VII,
600 3438 686 3511 1882,
712 3432 763 3514 Τί,
783 3437 820 3510 3;
845 3431 952 3496 inens
974 3433 1059 3495 inter
1079 3430 1263 3512 Apollinem

203 3554 232 3611 et
251 3547 407 3612 Achillen
428 3548 464 3610 e‘n
486 3566 561 3609 ease
577 3543 713 3624 Frena.)
736 3549 769 3607 et
792 3561 939 3623 magnum
962 3542 1017 3623 (of.
1042 3543 1119 3606 deas
1142 3543 1187 3605 ad
1200 3563 1252 3606 nn

199 3661 287 3738 ptius
308 3657 400 3723 Pelei
420 3658 580 3722 uenientes
601 3656 637 3718 e'n
659 3675 734 3719 ease
750 3653 895 3736 Frena).
929 3652 1020 3734 lllud,
1044 3653 1129 3733 quod
1149 3641 1266 3732 χλανίς

289 3898 339 3975 11)
363 3899 408 3957 Ne
440 3899 592 3957 Minervae
622 3898 717 3972 figure
744 3895 871 3974 quidem,
902 3914 990 3973 quam
1012 3895 1145 3953 Boehleu
1166 3895 1261 3970 ipsam

201 4003 340 4078 opposuit
355 3999 429 4079 (fig.
446 4003 490 4076 5),
514 4003 674 4080 quidquam
690 4001 841 4076 probatur.
879 3997 1014 4055 Ceterum
1038 3996 1130 4054 fibula
1151 3996 1182 4053 in
1204 3998 1260 4054 hu·

202 4123 282 4162 mero
306 4105 369 4162 eius
392 4111 527 4163 uoourate
549 4103 629 4178 piata
651 4109 704 4162 est.

1036 4215 1055 4270 2
