3120 4784
673 431 885 508 „35-

336 616 458 693 Quibus
480 635 519 682 ex
541 615 636 682 rebus
659 621 796 698 opponet
818 615 993 680 chitonium
1016 633 1086 679 esse
1105 620 1225 679 vestem
1240 632 1309 676 mu-

248 726 381 793 liebrem
413 735 446 793 et
467 726 609 793 infimam
632 729 728 793 etad
750 728 849 809 pedes
871 746 973 808 usque
996 728 1186 792 tendentem.
1232 725 1309 790 Pro·

247 846 360 920 pterea
383 840 489 904 chiton
513 838 676 904 muliebris
706 845 739 903 et
770 839 933 910 chitonion
961 839 1045 904 inter
1074 856 1109 903 se
1135 854 1197 922 non
1221 836 1309 901 diffe-

248 956 338 1031 runt;
362 950 422 1015 hoc
444 956 494 1016 est
515 970 576 1014 vox
599 969 662 1015 non
684 951 882 1029 diminutivo,
905 952 963 1016 sed
984 949 1110 1030 blanda,
1133 969 1196 1031 qua
1218 948 1310 1014 initio

248 1062 368 1144 aliquid
389 1062 502 1143 teneri,
525 1062 645 1144 aliquid
668 1068 763 1128 tenue
783 1061 992 1144 significatur,
1014 1062 1088 1126 dein
1103 1061 1231 1142 saepius
1245 1079 1308 1124 non

248 1173 336 1238 eliud
366 1194 459 1256 quam
490 1194 567 1240 voce
597 1175 742 1257 simplici.
786 1173 902 1240 Confer
924 1169 1050 1258 θηρίον,
1075 1167 1190 1254 ἱστίον,
1214 1164 1308 1256 ὅρκια

246 1283 409 1366 (Κνῖὴννθν,
431 1286 546 1369 priccd.
573 1285 750 1351 Grammat.
771 1285 794 1368 ἕ
817 1291 890 1364 330,
914 1287 1149 1365 retrudor).
1189 1284 1309 1349 Eadem

246 1415 299 1462 res
328 1399 497 1463 intercedit
527 1399 611 1463 inter
635 1391 718 1480 ζώνη
740 1402 773 1462 et
796 1391 920 1475 ζώνιον,
943 1390 1106 1480 κροκωτός
1129 1400 1162 1461 et
1183 1389 1308 1479 κροκώ-

246 1528 315 1572 τιον
337 1513 370 1574 et
392 1504 676 1593 κροκωτίδιονΉ).
722 1507 803 1573 Nam
827 1529 898 1573 cum
921 1508 1095 1573 chitonium
1119 1514 1154 1573 et
1175 1509 1309 1573 crocoti-

246 1621 334 1684 dium
356 1621 439 1685 idern
464 1620 514 1702 sit,
546 1621 642 1684 etiam
670 1620 729 1686 hoc
751 1639 852 1702 usque
875 1620 917 1684 cd
940 1621 1038 1700 pedes
1060 1617 1202 1683 defluens
1224 1619 1309 1700 cogi-

247 1733 380 1795 tandum
396 1738 453 1796 est.
486 1733 575 1797 Idem
598 1733 638 1796 de
661 1731 901 1812 hemidiploidio
918 1730 1013 1809 volet,
1036 1730 1121 1812 quod
1136 1729 1309 1794 aliudesse

206 1911 209 1914 ,
246 1849 343 1924 etque
365 1842 633 1924 hemidiploidern,
658 1863 739 1925 quae
759 1862 819 1907 vox
835 1861 993 1924 nusquam
1009 1842 1157 1924 usurpari
1173 1841 1309 1920 videtur,

247 1955 439 2019 contendere
462 1973 524 2018 non
547 1973 726 2036 possumne.

331 2065 421 2130 Hoec
443 2063 671 2130 confirmentur
693 2065 766 2130 aliis
789 2065 877 2130 locis.
913 2063 972 2129 Ubi
996 2065 1078 2130 enim
1094 2062 1308 2128 Mnesilochus

247 2177 430 2243 muliebrem
453 2178 605 2243 vestitum
628 2177 733 2242 induit
755 2175 955 2258 (Thesmopd.
971 2176 1059 2258 253),
1082 2177 1219 2258 primum
1241 2195 1309 2242 cro-

247 2297 351 2355 cotum
382 2291 469 2370 capit
492 2327 531 2335 --
556 2297 605 2354 est
628 2281 767 2371 ἱμάτιον,
799 2289 884 2370 quod
906 2287 1095 2353 vocobulum
1121 2289 1152 2352 in
1183 2288 1309 2353 univer-

244 2420 315 2466 sum
330 2402 383 2466 hic
397 2403 518 2466 dictum
535 2408 593 2483 est,
618 2400 796 2482 Agathonis
819 2399 875 2480 (cf.
897 2420 924 2464 o.
938 2403 1011 2478 250,
1033 2399 1107 2480 138)
1129 2434 1171 2480 -Γ
1194 2400 1309 2464 deinde

244 2513 416 2594 encyclum.
469 2514 539 2577 Hae
569 2518 644 2577 sunt
673 2518 797 2591 vestes,
836 2509 951 2592 quibus
980 2511 1144 2576 muliebris
1173 2512 1309 2575 vestitus

247 2625 447 2702 componitur
463 2630 496 2687 et
511 2622 705 2688 Mnesilocho
726 2641 806 2704 opus
822 2628 892 2685 erat
906 2621 1056 2686 mulieres
1072 2622 1234 2686 imitaturo
1247 2622 1308 2699 13).

245 2735 360 2814 Itaque
389 2734 484 2797 etiam
514 2733 578 2796 hic
596 2739 757 2798 crocotum
787 2750 858 2796 esse
888 2732 1017 2813 longam
1047 2733 1187 2797 tunicam
1217 2749 1309 2794 nemo

247 2844 385 2924 negabit.

331 2953 537 3018 Proverbium
553 2958 604 3018 est
618 2955 704 3034 apud
718 2957 861 3018 veteres:
884 2950 964 3037 γαλῇ
978 2945 1085 3030 χιτών.
1110 2952 1196 3018 Felis
1212 2971 1308 3034 quae-

246 3065 361 3129 dmno
383 3064 509 3129 Venere
531 3065 645 3130 mulier
667 3063 753 3130 facta
775 3071 808 3144 et
830 3065 938 3130 tunica
958 3065 1072 3129 induto
1093 3083 1214 3130 murem
1235 3085 1308 3146 per-

246 3178 398 3259 sequitur.
444 3175 566 3240 Fabula
589 3177 701 3242 similis
724 3178 835 3254 esici,
868 3195 932 3258 qua
961 3177 1070 3241 asinus
1101 3176 1183 3257 pelle
1205 3176 1307 3242 leonis

246 3289 450 3354 circumiecta
479 3289 598 3353 imitari
620 3307 729 3354 vocem
753 3288 821 3353 eius
844 3289 971 3368 conari,
1000 3287 1058 3352 sed
1080 3289 1211 3371 nequire
1233 3307 1307 3354 nar·

173 3474 175 3480 .
245 3404 352 3464 ratur:
383 3403 500 3464 natura
532 3404 565 3464 et
594 3399 716 3466 indoles
746 3399 942 3465 dissimulari
972 3417 1033 3462 non
1057 3405 1171 3480 potest.
1216 3399 1307 3464 (lom-

245 3511 353 3590 plures
375 3511 473 3592 igitur
501 3512 676 3592 scriptores
705 3513 744 3576 de
775 3511 829 3575 illo
853 3509 1022 3594 proverbio
1055 3510 1153 3575 verba
1174 3509 1306 3576 fuciunt.

246 3623 291 3686 Ut
306 3621 464 3687 zenobius
478 3623 521 3704 II,
540 3625 598 3688 93:
622 3620 717 3708 Γαλῇ,
740 3623 853 3704 inquit,
866 3617 1033 3701 χιτώνιον·
1057 3614 1156 3706 ὁμοία
1178 3615 1195 3685 i
1219 3643 1306 3706 rcap-

330 3864 383 3939 22)
409 3864 504 3922 Aliter
526 3865 655 3923 Boehlau
677 3884 706 3939 p.
722 3870 751 3936 9,
773 3865 840 3924 adn.
861 3869 896 3922 2:
920 3871 1068 3925 crocotnm
1092 3883 1155 3924 erse
1177 3866 1306 3924 tunicam

244 3967 365 4028 talarem
390 3966 528 4039 clausam,
551 3968 753 4026 crocotidium‘
766 3967 932 4026 breviorem
956 3967 1084 4026 clausam
1108 3967 1220 4027 statuit.

331 4069 383 4146 23)
409 4069 581 4128 Accuratiue
604 4069 641 4126 dc
664 4087 699 4126 ea
720 4087 751 4126 re
774 4069 836 4142 egit
857 4068 989 4127 Boehlau
1012 4088 1040 4144 p.
1067 4075 1094 4140 9,
1118 4071 1185 4128 adn.
1212 4073 1240 4127 2.

1062 4173 1103 4236 3*
