3120 4784
619 393 831 461 ..15-

195 583 259 649 qua
282 562 407 634 Troilus
426 563 552 650 fugiens
574 567 730 634 Achillem
752 567 924 648 inducitur,
955 566 1060 634 induti
1082 565 1149 634 fieti
1172 573 1257 650 sunt,

195 676 371 760 significari
401 680 559 744 videntur.
611 679 936 744 Animadvertendum
968 685 1074 745 autem
1104 685 1155 746 est
1185 699 1260 744 nus-

196 808 290 871 quam
322 790 447 856 laenam
477 789 643 856 fibulatam
671 791 815 856 inveniri.
865 790 978 856 Brevis
1001 793 1110 856 tunica
1138 793 1262 858 usitata

196 909 256 984 est,
281 909 316 966 at
337 922 399 967 non
422 902 531 983 lintea,
561 908 597 967 nt
619 903 706 984 apud
729 901 911 968 Homerum.
956 902 1154 984 Quamquam
1178 904 1261 968 enim

196 1022 263 1080 tam
294 1033 390 1097 saepe
420 1015 452 1079 in
483 1015 570 1080 vasis
602 1014 759 1080 arehaieis
788 1015 884 1097 longa
913 1015 1022 1081 tunica
1053 1014 1126 1080 albo
1156 1015 1261 1081 colore

196 1128 300 1192 tincta
323 1128 473 1205 cernitur,
505 1128 588 1192 idem
620 1127 652 1191 in
684 1125 832 1192 brevibus
862 1144 994 1208 perraro
1024 1123 1094 1191 fieri
1117 1127 1261 1192 videmus

197 1239 229 1320 (e
257 1259 303 1322 pr.
341 1259 420 1304 mus.
453 1238 562 1304 Berol.
593 1258 643 1302 ao.
667 1242 760 1316 1688,
791 1241 884 1315 1837,
913 1241 1005 1316 1797,
1038 1241 1123 1316 1713,
1156 1238 1262 1320 191111).

199 1347 291 1425 Quod
320 1369 380 1414 non
410 1350 458 1414 ita
480 1369 577 1432 greve
599 1368 670 1414 esse
693 1350 735 1414 ad
757 1349 1051 1428 demonstrandum,
1077 1349 1153 1430 qnia
1176 1348 1263 1414 color

199 1460 291 1526 albus
316 1462 401 1527 vitae
427 1462 606 1526 cotidianae
636 1478 697 1524 non
722 1459 897 1539 conveniat,
921 1461 1065 1527 concedo.
1109 1458 1157 1524 Ne
1179 1459 1263 1526 eolo-

199 1573 287 1639 ribus
310 1574 437 1655 quidem
460 1574 559 1638 variis
582 1577 714 1636 ornatae
736 1572 862 1636 tunicae
885 1576 1004 1636 certam
1025 1589 1153 1637 oausam
1170 1591 1263 1652 prae-

200 1683 283 1749 bent.
327 1683 407 1749 Nam
439 1690 475 1749 ut
504 1683 663 1750 sententie
693 1683 750 1748 illa
772 1682 982 1765 Semperi10)
1005 1701 1102 1764 saepe
1126 1683 1263 1762 repetita

199 1815 275 1860 vera
298 1802 357 1875 est,
381 1797 428 1861 ita
449 1794 537 1860 haud
559 1794 695 1860 multum
718 1795 805 1861 valet
827 1796 869 1859 ad
891 1794 1057 1859 materiem
1074 1812 1264 1874 eognoscen-

201 1909 283 1972 dam.
307 1906 427 1973 Nostra
449 1907 576 1989 quidem
600 1913 707 1972 aetate
730 1906 829 1971 linum
853 1907 964 1988 quovis
988 1904 1093 1972 colore
1116 1906 1262 1987 tingitur,

200 2038 391 2101 quamquam
431 2019 605 2086 varietates
637 2018 774 2085 colorum
804 2018 967 2084 lanearum
997 2017 1151 2096 vestium,
1184 2035 1264 2098 quas

196 2123 379 2196 ‘Ndanoen'
428 2149 595 2209 vocamus,
642 2129 750 2212 plures
798 2136 890 2213 sunt,
944 2148 1038 2211 quam
1084 2129 1263 2194 linteorum.

200 2241 308 2308 Etiam
357 2240 469 2324 figuris
507 2242 675 2324 quadratis
713 2242 831 2307 linteae
872 2249 1042 2320 ornantur,
1080 2239 1263 2306 animalium

202 2362 309 2419 nutem
344 2373 515 2436 nunquam.
568 2355 682 2435 Itaque
711 2355 773 2418 etsi
802 2352 927 2418 Plinius
959 2353 1002 2432 (1.
1026 2373 1058 2416 a.
1082 2351 1183 2431 XIX,
1212 2353 1266 2435 22)

196 2459 403 2548 ‘temptatum
427 2457 504 2545 est’‚
526 2465 640 2546 inquit,
657 2458 775 2548 ‘tingui
799 2464 898 2529 linum
923 2482 1056 2545 quoque,
1080 2469 1116 2528 nt
1130 2464 1265 2529 vestium

200 2578 357 2642 insaniem
381 2569 562 2661 acciperet,
595 2582 701 2642 tamen
723 2576 789 2642 illis
812 2577 953 2658 antiquis
977 2575 1175 2658 temporibus
1196 2573 1267 2640 fieri

202 2690 355 2771 potuisse,
374 2696 412 2753 ut
427 2688 527 2755 linum
542 2689 640 2754 variis
657 2689 814 2755 coloribus
830 2690 1018 2770 tingeretur,
1034 2688 1266 2754 eoncedendum

202 2809 260 2866 est.
307 2800 455 2867 Ceterum
484 2801 584 2865 linum
612 2819 807 2883 purpureum
831 2800 1018 2882 saepissime
1041 2819 1266 2865 commemora·

203 2917 264 2976 tur.
309 2913 352 2976 Et
382 2913 526 2977 videmus
558 2929 620 2975 non
655 2910 756 2977 solum
789 2911 821 2975 in
854 2913 972 2976 statuis
1003 2930 1105 2992 nuper
1135 2912 1166 2976 in
1194 2929 1267 2977 arce

204 3023 392 3090 Atheniensi
415 3023 552 3105 repertis
582 3022 698 3088 linteas
720 3023 846 3088 tunicas
869 3023 997 3103 tinctas,
1028 3025 1085 3088 sed
1115 3024 1211 3088 etiam
1235 3024 1267 3087 in

204 3135 314 3202 multis
344 3139 430 3202 vasis
460 3137 547 3202 varie
577 3141 725 3200 ornatas
741 3134 796 3216 (of.
819 3132 1020 3202 Leaormoot
1041 3139 1071 3200 et
1093 3136 1132 3200 de
1160 3134 1266 3212 thte,

203 3233 292 3314 Elite
313 3247 566 3328 oaram.11‚25,·
587 3245 660 3326 HI,
684 3250 713 3325 9,
738 3251 784 3324 6⁸7,
800 3250 859 3324 6⁸8,·
881 3244 1064 3328 Benndorf,
1086 3248 1206 3330 presta.
1232 3246 1268 3311 V.

204 3359 284 3425 B.I
294 3391 336 3412 =
351 3360 424 3426 Bm.
450 3362 502 3445 fip.
517 3360 598 3442 217).
629 3358 726 3424 Certa
747 3362 853 3423 autem
878 3375 983 3436 eausa
1006 3375 1069 3438 qua
1091 3358 1180 3424 nisus
1196 3357 1267 3423 bre·

205 3490 259 3536 ves
293 3473 418 3538 tunicas
449 3472 650 3554 antiquorum
674 3488 822 3535 vasorum
848 3468 958 3535 leneas
981 3467 1081 3534 fuisse
1103 3469 1267 3548 coniciam,

206 3601 225 3646 a
248 3585 337 3664 rugis
359 3585 498 3674 petenda
520 3589 579 3664 est,
602 3582 717 3664 quibus
733 3581 845 3647 laneae
860 3586 980 3660 carent,
1002 3579 1120 3645 linteae
1134 3585 1273 3651 ornatae

206 3741 407 3750 ———

295 3827 345 3904 10)
369 3827 433 3888 Stil.
455 3828 480 3900 Ι,
503 3846 533 3903 p.
552 3830 629 3884 122:
652 3826 711 3883 Das
731 3825 1016 3883 Charakteristisehe
1039 3822 1193 3882 desselben
1215 3823 1269 3902 (ro.

207 3932 258 3988 der
284 3927 502 4007 Flaohrsaeeru)
529 3930 568 3987 ist
672 3928 737 3986 ihre
762 3928 959 4002 ...geringe
983 3925 1122 3984 Affinitet
1153 3945 1189 3984 zu
1212 3927 1269 3988 den

208 4033 333 4091 meisten
357 4031 571 4090 Fdrbemitteln
588 4074 595 4091 .
611 4074 644 4091 ..
