3120 4784
684 435 895 500 ,52ss

260 610 368 668 autem
391 604 531 669 tunicam
554 624 588 669 re
602 622 679 670 vcra
700 609 768 668 tum
789 605 950 670 interdum
968 603 1065 688 pallio
1086 604 1229 670 additam
1253 624 1321 670 esse

261 735 278 780 e
301 714 514 796 compluribus
536 715 613 786 locis
635 716 860 798 cognoscimus.
881 770 886 776 ,
904 717 948 781 Ut
970 717 1054 780 inter
1077 721 1182 781 restes
1205 721 1238 782 et
1260 736 1321 796 res,

261 826 376 910 quibus
398 825 534 908 Hippias
556 826 732 892 instructus
748 831 806 908 est,
829 822 959 910 ίμοίτιον
981 834 1014 892 et
1027 823 1220 906 χιτωνίσκος
1236 847 1320 893 com·

262 942 476 1002 memorantur
499 937 722 1021 (Ρ1σ1.Ηι’χιχν.
745 939 820 1003 mia.
845 938 957 1020 3680).
1009 939 1056 1004 De
1080 939 1234 1005 Cleanthe
1257 947 1321 1003 tra·

261 1049 363 1121 ditum
387 1055 451 1116 cst:
481 1044 653 1136 ἡγούμενον
682 1047 718 1114 δὲ
744 1048 808 1113 τῶν
831 1044 962 1136 ἐφήβων
984 1046 1043 1114 ἐπί
1065 1073 1138 1114 τινα
1159 1046 1243 1114 θέαν
1266 1043 1325 1136 ὑπ’,

260 1153 380 1244 ἀνέμου
393 1163 691 1248 παραγυμνωθῆναι
708 1158 764 1225 καὶ
779 1153 924 1248 ὀφθῆναι
940 1154 1098 1242 ἀχίτωνα·
1117 1154 1165 1248 ἐφ’
1177 1152 1203 1247 ᾧ
1216 1157 1322 1246 κρότῳ

260 1273 438 1358 τιμηθῆναι
468 1265 521 1336 r‘rrr'
548 1265 756 1357 Ἀθηναίων.
792 1272 908 1356 (Diop.
938 1273 1046 1367 Ιιαδνί.
1085 1273 1162 1352 VII,
1186 1281 1216 1354 5,
1242 1275 1323 1356 169).

261 1383 346 1464 Ergo
369 1385 482 1450 mirum
505 1389 575 1450 erat
597 1383 653 1448 illa
675 1389 783 1450 aetate
811 1385 917 1451 tunica
947 1403 1007 1448 non
1032 1384 1087 1450 uti.
1132 1383 1237 1450 Etiam
1263 1385 1323 1449 De-

261 1495 435 1562 mosthenis
463 1495 557 1562 ,locus
590 1495 705 1578 (XXI,
732 1516 769 1577 p.
792 1490 883 1578 583)
901 1515 998 1578 snpra
1027 1495 1159 1560 allatus:
1197 1491 1323 1578 θοίμιί-

260 1628 331 1670 τιον
372 1603 541 1691 προέσθαι
576 1603 632 1670 καὶ
672 1604 789 1690 μικραῖι
829 1605 947 1690 χνμνδν
986 1603 1019 1670 ἐν
1059 1606 1106 1694 τῷ
1142 1603 1322 1690 χιτωνίσκῳ

261 1716 424 1802 γενέσθαι,
446 1725 542 1801 aptus
564 1725 613 1784 est
643 1719 684 1784 ad
708 1719 998 1784 demonstrandum.
1052 1719 1095 1782 Et
1118 1719 1230 1800 Lysias
1253 1738 1321 1783 cum

262 1830 391 1896 scribit:
409 1824 505 1906 εἴτις
520 1821 644 1913 ἀπάχοι
660 1827 733 1893 τινοὶ
750 1824 887 1914 φάσκων
901 1824 1079 1912 θοίμάτιον
1095 1821 1321 1893 ἀποδεδύσθαι

260 1935 280 2028 1)
301 1939 359 2005 τὸν
379 1936 573 2021 χιτωνίσκον
588 1935 795 2020 ἐκδεδύσθαι,
820 1941 901 2006 duas
916 1945 1023 2006 vestes
1038 1941 1227 2019 cotidianas,
1243 1961 1323 2023 quae

261 2072 324 2123 uua
347 2053 565 2135 gestabantur,
589 2053 717 2118 videtur
739 2033 899 2118 nominare
922 2052 971 2135 (p.
995 2058 1057 2131 117,
1081 2052 1123 2134 6).

349 2191 437 2268 Quae
459 2207 529 2254 oum
553 2191 599 2254 ita
622 2190 706 2270 sint,
736 2190 967 2256 concedendum
990 2193 1039 2254 est
1061 2195 1176 2273 quarto
1199 2191 1325 2257 saeculo

261 2307 295 2367 et
317 2306 430 2385 postea
447 2302 584 2366 tunicam
607 2301 635 2366 si
650 2319 710 2364 non
733 2300 869 2383 longam,
893 2306 998 2365 tamen
1022 2301 1150 2367 brevem
1174 2303 1231 2366 sub
1254 2301 1323 2382 pal-

262 2414 305 2478 lio
327 2413 447 2494 gestari
469 2413 585 2478 iterum
608 2430 678 2478 esse
708 2417 860 2491 coeptam.
906 2412 998 2490 Quod
1020 2412 1228 2477 monumentis
1251 2431 1321 2478 cou-

262 2524 416 2590 firmatur.
460 2523 541 2590 Nam
564 2522 741 2588 invenimus
763 2541 831 2587 eam
848 2523 879 2588 in
896 2523 1012 2588 statuis
1034 2521 1098 2588 illis
1121 2523 1221 2588 musei
1244 2525 1323 2588 vati-

179 2701 180 2705 ,
263 2636 343 2716 cani,
371 2654 453 2719 quae
484 2634 695 2700 Menandrum
719 2634 987 2714 (Friedr.-Wolt.,
1020 2635 1199 2702 Booster'rre
1231 2638 1323 2716 1622)

263 2756 296 2813 et
318 2747 525 2828 Posidippum
553 2745 822 2827 (θινῶν-11011,
853 2749 948 2828 1623)
977 2745 1117 2830 fingunt,
1148 2745 1324 2812 invenimus

264 2861 296 2924 in
320 2858 486 2924 Aeschinis
510 2861 618 2922 statua
648 2857 681 2938 (1.
704 2857 724 2922 1.
747 2859 848 2939 1316),
879 2857 964 2925 alibi.
1009 2858 1073 2922 Sed
1104 2857 1189 2923 haud
1222 2859 1325 2922 minus

263 2989 358 3051 saepe
399 2969 615 3048 desideratur,
659 2976 695 3032 ut
731 2967 762 3032 in
805 2968 1016 3035 Demosthene
1063 2968 1323 3051 (θακῶν-117011.

263 3083 354 3164 1312)
368 3083 429 3162 ³⁹),
453 3079 607 3162 Sophocle
638 3077 727 3162 (ibid.
756 3079 849 3162 1307)
880 3086 914 3144 ot
935 3080 1095 3165 plerisque
1127 3079 1324 3162 anaglyphis.

263 3335 433 3415 Archippus
456 3337 519 3396 filio
543 3338 706 3398 Alcibiadis
729 3338 889 3416 opprobrio
913 3339 963 3398 dat
984 3338 1073 3415 (Plur.
1100 3340 1168 3396 Al.
1194 3338 1235 3418 1).
1279 3339 1321 3398 cf.

264 3442 300 3499 de
323 3459 357 3502 ea
379 3461 412 3500 re
436 3442 525 3500 etiarn
549 3441 652 3507 Quint
675 3443 732 3516 XI,
757 3449 784 3516 3,
812 3446 880 3500 143.

350 3542 404 3622 39)
426 3545 463 3602 In
487 3545 698 3603 Demosthenis
721 3550 819 3604 statua
840 3544 951 3604 artifex
967 3545 1098 3604 tunicam
1114 3544 1224 3617 omisit,
1246 3544 1324 3622 quod

244 3650 390 3709 resumo
421 3646 543 3723 pallium
575 3646 670 3706 solum
699 3654 816 3724 gestare
837 3648 920 3708 illius
943 3646 1070 3706 oratoris
1092 3647 1192 3722 magis¹
1210 3666 1273 3704 esse
1297 3646 1322 3704 ei

264 3751 361 3812 visum
384 3756 439 3827 est,
461 3749 517 3808 etsi
540 3769 578 3809 ne
601 3769 668 3809 sum
691 3751 811 3830 quidem
825 3749 930 3809 molles
946 3750 1062 3810 tunicas
1078 3756 1108 3809 et
1123 3755 1227 3809 tenues
1244 3749 1324 3808 ohla-

264 3854 349 3912 nides
371 3858 562 3929 aspernatum
592 3873 655 3912 esse
688 3854 884 3932 comperimus
914 3855 951 3912 ab
982 3853 1133 3912 Aeschine
1154 3854 1240 3928 (Tim.
1266 3853 1320 3922 53,

264 3957 336 4034 143)
360 3956 384 4015 si
406 3957 457 4016 hic
479 3977 539 4015 non
563 3956 760 4016 calumniatur
767 3977 774 4027 3
797 3956 875 4034 apud
891 3955 1069 4034 Sophoclem
1091 3959 1190 4015 autem
1205 3975 1238 4016 re
1253 3973 1324 4015 vera

264 4059 376 4121 veteris
398 4060 490 4120 moris
511 4060 683 4120 recordatus
705 4059 824 4120 videtur
849 4078 922 4118 esse.
