3120 4784
656 428 868 494 „27-

231 599 404 666 Homerum
444 600 558 667 heroes
588 620 685 666 unam
715 601 773 667 sub
804 600 905 666 lorica
933 607 1061 683 gestare
1090 606 1202 667 uotum
1234 608 1293 668 est.

230 712 334 777 Unam
349 711 530 778 Alexander
553 716 587 777 et
609 730 679 777 eam
695 712 833 778 Siculam
856 711 969 794 induit,
993 731 1091 794 supra
1106 732 1201 797 quam
1217 713 1292 779 lori·

229 842 298 889 cam
320 829 428 906 gestat
448 822 550 906 (Pras
574 823 667 888 Alea.
690 825 755 905 32).
796 823 908 907 Neque
929 827 962 889 iu
984 823 1050 890 ullo
1074 824 1137 889 alio
1159 842 1293 906 graecae

228 935 309 1000 artis
347 954 444 1016 opere
481 935 618 1018 vestigia
646 936 782 1001 duarum
814 935 995 1002 tunicarum
1025 936 1178 1002 iuvenies.
1230 936 1292 1002 Sed

229 1046 325 1128 etiam
354 1047 493 1113 maiores
522 1051 601 1111 natu
632 1065 799 1128 personas,
829 1048 918 1127 deos,
949 1048 1026 1113 item
1057 1048 1194 1114 vestitos
1223 1066 1294 1114 esse

228 1158 408 1224 ostendunt.
444 1160 530 1236 Quos
553 1163 587 1224 et
607 1157 702 1239 longa
724 1158 834 1223 tunica
856 1157 956 1225 lintea
978 1167 1011 1226 et
1033 1159 1122 1226 brevi
1143 1159 1237 1226 lanea
1260 1166 1293 1225 et

227 1271 319 1336 laneo
349 1269 447 1351 pallio
484 1275 621 1351 putasne
658 1287 729 1336 esse
759 1271 915 1335 indutos?
967 1271 1029 1336 Per
1058 1276 1160 1336 totam
1190 1276 1292 1336 artem

227 1399 374 1464 graecam
397 1381 560 1462 singulare
583 1386 669 1447 esset
691 1381 879 1462 exemplum.
925 1383 996 1459 Quo
1011 1380 1163 1462 Boehlan‚
1187 1382 1214 1447 si
1230 1380 1292 1448 sibi

228 1497 363 1573 constat,
392 1493 559 1573 pervenire
590 1493 716 1574 debeat,
747 1493 890 1575 exemplo
913 1495 1095 1558 Amazonas
1126 1494 1291 1558 cuiusdam

227 1603 421 1685 (Benadorf,
447 1602 465 1668 l.
484 1602 502 1668 l.
524 1601 576 1686 ΓΙ.
592 1609 640 1682 46,
656 1606 690 1686 2)
711 1604 820 1670 doceri
842 1608 960 1686 potest,
983 1623 1066 1686 quae
1088 1604 1215 1670 brevem
1239 1609 1291 1671 tu-

226 1716 330 1780 nicam
360 1715 433 1780 sinu
461 1715 616 1781 undulato
646 1720 680 1782 et
702 1721 931 1798 apoptygmate
961 1715 1151 1780 instructam
1173 1720 1289 1798 gestat.

225 1826 368 1891 Boehlau
398 1832 465 1892 tres
493 1846 563 1892 esse
595 1831 710 1907 vestes,
744 1826 860 1909 quibus
890 1832 1014 1892 tautum
1047 1827 1194 1908 superior
1215 1845 1291 1908 pars

226 1940 371 2020 corporis
401 1939 537 2020 tegitur,
568 1941 620 2005 vix
648 1941 718 2020 ipse
747 1940 927 2004 contendet.
957 1973 998 1984 -
1030 1939 1123 2015 Quod
1152 1939 1291 2022 denique

226 2051 353 2131 saepius
374 2069 474 2132 rugae
497 2056 530 2117 et
551 2050 726 2116 undulatae
748 2054 781 2115 et
795 2058 904 2116 rectae
918 2051 1045 2130 desunt,
1069 2069 1107 2116 eo
1124 2069 1187 2115 nou
1203 2068 1290 2116 oras·

229 2160 343 2226 aierem
365 2162 530 2227 materiem
554 2160 738 2244 significari,
761 2167 798 2227 ut
819 2160 963 2228 Boehlau
986 2161 1037 2244 (p.
1055 2161 1108 2245 37)
1130 2162 1209 2240 vult,
1232 2161 1289 2227 sed

226 2279 282 2338 aut
296 2292 350 2339 eas
365 2273 461 2339 rubro
477 2273 592 2353 colore,
601 2279 772 2356 postquam
788 2292 845 2339 vas
860 2275 893 2339 in
908 2274 981 2356 igue
990 2271 1061 2355 fuit,
1072 2274 1177 2355 pictas
1190 2271 1290 2338 fuisse

225 2390 258 2450 et
280 2390 459 2467 temporum
482 2385 650 2467 iniquitate
672 2385 797 2452 deletas
820 2404 892 2452 esse
915 2390 972 2451 aut
993 2384 1033 2450 ab
1055 2382 1148 2449 initio
1163 2388 1289 2465 partem

223 2497 311 2562 illam
333 2497 431 2562 vestis
453 2515 516 2561 uon
532 2494 705 2562 artificiose
720 2497 811 2579 rugis
826 2502 972 2562 ornatam
988 2495 1088 2563 fuisse
1103 2499 1193 2577 puto,
1208 2513 1289 2577 quas

224 2610 257 2674 iu
281 2608 427 2673 omnibus
449 2608 557 2673 linteis
579 2609 698 2674 tunicis
720 2609 905 2690 reperimus.

311 2719 363 2785 Sic
393 2718 459 2785 iere
491 2737 588 2800 rugas
618 2719 788 2785 enodatas
811 2719 1016 2802 explicandas
1039 2738 1109 2785 esse
1132 2718 1288 2784 existimo.

225 2832 370 2912 Apparet
392 2829 532 2896 Graecos
561 2831 608 2897 cis
629 2835 778 2896 naturam
800 2850 863 2897 uon
887 2850 958 2897 esse
979 2833 1131 2897 imitatos.
1177 2829 1288 2908 Rugae

225 2948 299 3007 suut
322 2961 401 3024 quas
423 2961 482 3007 uos
504 2942 640 3007 dicimus
663 2942 858 3023 „stilisiert“.
893 2942 983 3018 Quae
1005 2961 1077 3008 eum
1099 2943 1130 3006 iu
1150 2940 1288 3022 antiqui-

225 3053 333 3119 oribus
355 3054 568 3119 monumentis
589 3073 653 3119 uou
676 3054 877 3120 inveniantur
900 3060 933 3118 et
955 3053 1083 3119 omniuo
1105 3072 1126 3117 a
1148 3052 1288 3118 Graeco-

224 3184 294 3229 rum
317 3164 425 3230 indole
447 3164 649 3248 abhorreant,
680 3167 727 3230 ita
759 3170 796 3230 ut
818 3184 892 3230 mox
914 3170 1117 3246 evanescant,
1140 3182 1194 3229 eas
1217 3182 1287 3229 oum

223 3277 342 3342 tunicis
357 3277 461 3360 longis
477 3278 556 3358 ipsis
570 3277 708 3363 primum
724 3277 855 3343 Graecis
871 3277 1048 3342 innotuisse
1064 3281 1151 3358 puto.
1173 3274 1289 3341 Unde?

224 3389 293 3453 Iam
322 3408 405 3453 nouo
436 3389 562 3454 saeculo
593 3391 701 3454 tunica
722 3389 818 3472 longa
847 3391 958 3455 eodem
980 3390 1077 3453 modo
1100 3386 1233 3469 fingitur
1255 3386 1287 3451 iu

226 3500 335 3566 tabula
357 3501 504 3584 quadam,
536 3519 631 3583 quam
661 3521 718 3567 rex
748 3502 877 3583 quidam
898 3501 1105 3584 Assyriorum
1128 3497 1289 3564 dedicavit

226 3609 442 3693 (Pera-Odip.
465 3609 516 3691 ΙΙ,
537 3613 590 3695 fip.
615 3617 661 3690 76,
678 3633 714 3694 p.
727 3616 813 3695 209).
845 3614 997 3679 Fortasse
1018 3612 1114 3676 hodie
1136 3617 1194 3675 aut
1215 3627 1288 3673 mox

226 3723 297 3805 plus
319 3723 536 3806 exemplorum
566 3722 705 3805 proferri
736 3730 895 3806 poterunt.
941 3723 990 3788 Ab
1015 3721 1159 3789 asiaticis
1181 3726 1289 3785 antem

224 3832 399 3900 artificibus
428 3835 540 3900 modus
561 3834 616 3901 ille
639 3852 735 3915 rugas
757 3833 898 3918 fingendi
920 3835 1064 3901 Athenas
1087 3852 1158 3900 esse
1181 3837 1286 3898 traus-

223 3946 308 4011 latus
330 3947 465 4011 videtur.
