3120 4784
633 404 911 469 ...30...

358 576 452 643 Pallii
475 578 539 642 duo
560 595 679 660 genera
700 583 876 658 remanent,
892 597 973 660 quae
995 577 1028 643 in
1050 576 1236 656 Franpoisio
1259 594 1335 642 vase

272 691 427 755 vidimus:
462 688 607 770 longum,
637 688 722 771 quod
752 688 872 769 duplici
901 671 995 754 modo
1027 689 1189 754 circumici
1219 694 1335 770 potest.

273 803 340 866 Aut
367 820 387 865 a
417 806 508 882 tergo
539 800 730 882 inutraque
752 798 884 866 humero
914 789 1025 866 eodem
1048 801 1142 864 mode
1164 800 1338 880 imponitur

273 918 331 977 aut
352 931 372 976 a
393 911 483 978 laevo
505 911 638 976 humero
661 912 817 993 incipiens
839 911 924 977 circa
939 917 1064 992 tergum
1080 917 1113 976 et
1126 915 1239 991 pectus
1253 909 1339 974 infra

273 1022 420 1087 dextrum
443 1022 626 1088 bracchium
645 1028 736 1088 trans
749 1023 874 1088 laevum
889 1022 1057 1088 humerum
1072 1023 1188 1088 iterum
1203 1022 1337 1087 circum·

272 1133 378 1213 icitur,
407 1135 454 1198 ita
484 1139 521 1199 ut
550 1135 668 1198 circum
699 1132 782 1198 hunc
811 1141 949 1215 utraque
978 1135 1095 1199 lacinia
1124 1133 1258 1198 haereat
1280 1132 1335 1214 (cf.

276 1243 433 1323 Boedlaa,
454 1245 507 1328 fip.
531 1245 595 1325 23).
641 1245 785 1311 Alterum
809 1251 858 1310 est
879 1251 971 1311 vetus
992 1244 1110 1324 χλαῖνα
1134 1244 1188 1325 (cf.
1212 1243 1335 1325 Apolli·

272 1377 344 1420 acm
366 1357 402 1421 ia
423 1376 519 1420 sceau
542 1357 642 1421 ὐνοίοα
664 1357 751 1422 vacis
773 1355 919 1437 Fracta),
949 1375 1012 1422 non
1034 1375 1111 1422 vero
1133 1361 1258 1436 atergo
1275 1355 1337 1420 cir·

273 1469 443 1550 cumiecta,
479 1469 535 1534 sed
572 1467 605 1533 in
643 1446 745 1534 altero
777 1467 910 1534 humero
944 1465 1151 1546 fibulata21).
1196 1466 1338 1531 Vocatur

272 1584 380 1644 autem
403 1579 589 1662 plerumque
609 1573 742 1662 χλαμύς.
787 1580 928 1645 Primum
957 1581 1116 1644 invenitur
1144 1579 1177 1643 in
1199 1578 1336 1644 Execiae

271 1710 347 1757 vase
370 1689 484 1773 (Gcrh.
508 1696 563 1757 cir.
586 1712 618 1756 a.
640 1692 744 1773 lcmnp.
774 1690 809 1756 V.
832 1691 873 1755 B.
898 1689 949 1773 Τί.
964 1690 1009 1770 D,
1032 1692 1071 1772 4).
1095 1692 1205 1757 Lenea
1226 1690 1336 1771 lorica,

273 1809 310 1868 ut
332 1804 379 1868 ita
400 1804 514 1884 dicam,
537 1822 598 1867 non
622 1809 777 1884 gestatur.
809 1804 936 1868 Novum
952 1805 1080 1868 modum
1096 1801 1184 1884 pallii
1201 1803 1336 1867 circum-

273 1915 390 1980 iciendi
412 1899 473 1981 iam
498 1916 531 1980 in
554 1917 671 1980 statuis
693 1916 726 1979 in
741 1915 896 1980 Tell-Loh
918 1915 1055 1996 repertis
1079 1914 1256 1980 invenimus
1279 1913 1335 1995 (cf.

266 2048 302 2109 p.
325 2031 369 2108 9),
401 2027 499 2093 etiam
531 2028 617 2108 apud
647 2027 797 2092 asiaticas
827 2032 938 2118 gentes
968 2027 1205 2108 inaegyptum
1236 2026 1336 2091 demi·

273 2144 403 2221 grantes
425 2139 457 2202 in
480 2138 615 2219 picturis
631 2138 828 2220 aegyptiacis
843 2139 1050 2203 duodecimae
1066 2137 1234 2219 dynastiae
1249 2137 1337 2201 vide·

272 2267 343 2312 mus
366 2246 586 2330 (Pera-Otip.
608 2247 638 2326 I,
659 2249 711 2331 sip.
735 2250 799 2329 98),
851 2247 888 2314 In
919 2250 1018 2314 attica
1049 2255 1154 2314 autem
1178 2255 1247 2314 arte
1270 2248 1334 2328 pri-

273 2380 359 2424 murn
382 2359 525 2425 Theseus
556 2360 587 2423 in
618 2378 694 2424 vase
722 2360 950 2439 Franccisianc
982 2362 1085 2425 utitur
1114 2361 1174 2426 hac
1202 2359 1333 2435 ratione,

274 2473 340 2536 sive
361 2491 401 2536 ne
423 2471 605 2536 bracchium
628 2468 744 2536 fidibus
767 2473 911 2538 canentis
933 2473 1142 2554 impediatur,
1173 2472 1238 2538 sive
1261 2469 1333 2534 tibi-

273 2583 353 2649 cinis
375 2601 463 2648 more
485 2583 620 2647 vestitus
643 2588 700 2648 est.
746 2584 782 2646 Iu
806 2583 965 2648 cotidiano
995 2591 1102 2650 autem
1125 2586 1246 2680 vestitu
1268 2601 1334 2648 cer·

273 2695 360 2761 nitur
381 2713 483 2759 novus
505 2712 574 2759 mos
597 2695 685 2775 apud
700 2693 850 2760 Execiam
864 2694 977 2777 (Gari.
1001 2701 1056 2760 etr.
1071 2718 1103 2761 a.
1119 2697 1223 2778 temp.
1246 2693 1334 2760 V.B.

275 2805 327 2888 Τί.
348 2802 393 2884 D,
416 2805 448 2887 4)
479 2813 512 2871 et
541 2805 720 2872 Archiclem
749 2805 1000 2890 Glaucytemque
1026 2807 1140 2889 (Gerh.
1162 2808 1203 2872 A.
1234 2808 1268 2873 V.
1292 2806 1334 2870 B.

274 2917 416 3000 235l36‘)‚
445 2924 560 2999 postea
589 2918 739 2984 crebrius.
795 2920 895 2996 Quem
925 2940 964 2986 ex
994 2921 1072 2985 Asia
1101 2920 1224 2984 venisse
1253 2918 1335 2980 veri-

273 3028 378 3094 simile
399 3036 457 3094 est.
508 3029 619 3112 Neque
642 3032 727 3095 enim
750 3031 851 3095 solum
874 3032 959 3112 apud
981 3031 1135 3109 Ohetitas,
1158 3027 1270 3110 quales
1293 3028 1334 3090 ad

271 3142 447 3232 Aegyptias
476 3142 660 3222 veniebant,
692 3143 854 3207 invenitur
884 3141 1066 3222 (Roselliai,
1096 3159 1231 3204 mortam.
1259 3142 1333 3203 sicr.

359 3452 412 3530 21)
436 3451 534 3516 Quare
563 3454 643 3513 illam
666 3473 683 3512 a
706 3453 878 3512 Macedonia
907 3454 942 3510 ad
965 3451 1095 3531 reliquos
1119 3451 1245 3510 Graecos
1269 3471 1334 3528 per-

271 3556 389 3616 venisse
419 3575 590 3633 persuasum
613 3557 723 3615 habere
745 3574 805 3614 non
829 3575 956 3630 possum.
1002 3556 1075 3614 Nam
1099 3551 1240 3632 πτέρυγες
1265 3553 1333 3612 Θετ-

272 3658 384 3715 ταλικαί
407 3658 455 3737 (cs
473 3659 611 3734 Harpali„
638 3660 767 3728 Sar'dcm,
799 3658 892 3727 Phoc,
919 3660 1011 3733 Etpm.
1042 3662 1084 3717 M.
1109 3659 1161 3716 sab
1183 3661 1239 3716 dcc
1254 3658 1332 3734 nece)

273 3762 402 3818 nondum
425 3762 623 3837 reperiuntur,
646 3760 696 3818 eed
720 3761 754 3818 ad
778 3761 940 3834 triangulae
964 3763 1035 3820 duas
1057 3768 1157 3838 partes
1178 3763 1208 3818 in
1229 3763 1333 3819 hume-

273 3863 314 3919 ris
338 3873 488 3922 consertae
510 3864 682 3922 referendae
705 3863 852 3934 videntur,
875 3865 1087 3939 utpoeteriore
1102 3872 1198 3925 aetate
1215 3883 1333 3923 revera

273 3972 435 4042 gestantur.
479 3966 523 4024 De
546 3967 601 4023 hae
624 3983 656 4023 re
679 3965 804 4024 fortasse
826 3964 897 4024 alibi
921 3969 1093 4032 accuratius.
