3120 4784
802 1673 804 1678 ’
840 1690 882 1756 11.

429 1842 521 1931 Quid
546 1840 670 1909 diflert
691 1841 791 1909 inter
812 1841 985 1908 restitum
1007 1841 1234 1910 homer-ioum
1256 1844 1293 1909 et

499 1953 747 2020 atheniensem
769 1953 868 2020 sexti
889 1952 1024 2021 saeouli
1045 1953 1221 2020 neuntio

414 2138 483 2206 Hoo
512 2141 618 2223 eapite
647 2147 680 2205 et
705 2141 912 2222 sequentihus
935 2142 975 2206 de
997 2141 1242 2207 Atheniensium
1265 2149 1391 2211 tautum

329 2253 447 2317 vestitu
470 2271 573 2334 agam.
616 2254 797 2333 Antequam
826 2257 933 2317 autem
965 2253 1099 2318 adeam
1123 2259 1261 2320 aetatem
1283 2261 1389 2320 trans-

327 2382 413 2443 eam,
443 2382 506 2445 qua
529 2364 665 2430 Athenis
688 2365 797 2429 tunica
819 2363 919 2429 lintea
942 2383 962 2428 a
983 2365 1170 2432 mulieribus
1193 2383 1312 2449 quoque
1334 2384 1385 2430 re-

327 2486 421 2557 cepta
449 2484 515 2556 est,
555 2476 595 2539 de
626 2474 805 2557 antiquiore
835 2477 955 2541 vestitu
984 2477 1083 2543 attico
1112 2480 1269 2560 quaedam
1297 2478 1388 2560 quasi

325 2585 466 2668 praefari
489 2588 703 2653 necessarium
726 2593 785 2666 est,
815 2589 890 2669 quia
912 2588 943 2652 in
968 2587 1069 2666 libris,
1096 2607 1177 2670 quse
1199 2591 1242 2656 ad
1265 2610 1316 2657 res
1340 2609 1390 2656 oo-

326 2699 468 2764 tidianas
483 2699 749 2782 spectant(Iwoa
758 2699 891 2779 Moero,
905 2699 1031 2766 Grieet.
1041 2700 1272 2779 Privatuttert„
1282 2701 1392 2766 Nord-

325 2812 434 2896 lioyea
464 2817 538 2872 1887
549 2833 559 2891 ;
591 2811 953 2891 Humana-Blt'omaer,
989 2811 1114 2878 Grieoh.
1138 2811 1387 2876 Privatoltert.³

325 2923 672 3008 StottoortTiihiooea
701 2925 804 3006 1882),
839 2925 955 3006 ubique
984 2931 1076 2988 vetus
1106 2921 1242 2986 vestitus
1269 2916 1387 2982 incola·

325 3053 395 3098 rum
419 3033 573 3101 Graeciae
601 3042 635 3101 et
665 3055 740 3102 orae
769 3036 922 3102 asiaticae
950 3037 1035 3100 oiroa
1066 3050 1182 3096 annum
1213 3027 1279 3094 600
1303 3026 1388 3092 idem

325 3145 424 3212 tuisse
446 3149 555 3229 putari
579 3149 713 3214 videtur.
756 3146 838 3211 Nam
861 3145 1054 3210 homericum
1077 3147 1254 3223 sequuntur
1275 3138 1385 3205 statim

325 3258 587 3340 moenimenta,
620 3278 702 3340 quae
726 3258 758 3322 in
782 3256 994 3321 monumentis
1017 3253 1139 3335 graecis
1163 3252 1245 3318 sexti
1269 3253 1388 3318 saeculi

325 3369 422 3434 medii
444 3376 477 3434 et
499 3371 644 3436 exeuntis
667 3369 876 3450 reperiuntur.
923 3369 967 3430 At
996 3383 1058 3428 non
1088 3364 1257 3429 minusad
1281 3365 1389 3447 priora

324 3498 395 3545 oum
426 3480 490 3547 alia
522 3487 589 3545 tum
624 3499 681 3544 vas
708 3478 926 3558 Franooisium
957 3475 1080 3558 (noea.
1118 3475 1287 3560 Vorleyehl.
1318 3475 1386 3542 Ser.

328 3598 413 3673 1888,
439 3592 490 3675 Τί.
514 3594 608 3675 8-4)
630 3591 863 3673 respiciendum
887 3597 945 3654 est.

409 3704 550 3787 Longam
573 3704 672 3785 igitur
694 3702 835 3768 tunicam
858 3702 945 3783 apud
962 3699 1134 3766 Homemm
1157 3719 1219 3765 non
1242 3699 1388 3778 inveniri,

325 3816 382 3881 sed
404 3816 542 3896 primum
575 3816 606 3879 in
630 3813 717 3878 vasis
747 3820 780 3878 et
802 3813 921 3878 statuis
944 3810 1100 3878 arohaiois
1123 3812 1295 3878 verisimile
1317 3829 1388 3877 esse

324 3944 423 4007 supra
457 3927 596 4006 exposui.
638 3923 756 4004 χλαῖνα
787 3931 819 3990 et
847 3925 954 4011 φᾶρος
983 3923 1108 3990 duabus
1139 3924 1204 3989 illis
1235 3922 1388 4000 vestibus,

323 4036 439 4119 quibus
461 4037 493 4101 in
518 4037 791 4118 vaseFranooisio
813 4035 928 4119 Apollo
950 4042 984 4103 et
998 4035 1146 4102 Priamus
1168 4036 1202 4100 in
1225 4053 1262 4100 sa
1285 4052 1388 4115 scena,
