3120 4784
662 429 872 494 -45-

235 601 361 683 oblique
373 597 608 666 circumiciendi
622 597 663 679 (o.
674 599 714 681 s.)
729 599 785 680 eis
801 600 855 682 qui
871 599 1010 665 tunicam
1021 598 1148 681 longam
1162 599 1299 680 deposu-

235 719 338 792 oruut,
361 710 577 792 recipiendam
600 709 710 792 fuisse,
734 718 770 776 ut
792 711 983 776 anteriorem
1007 716 1134 793 partem
1157 711 1298 792 corporis

236 828 353 890 nudam
376 824 619 905 obtegerent-
642 840 684 886 sc.
708 822 736 887 si
759 841 820 887 uon
844 823 1042 905 chlamydem
1065 821 1235 905 gestabant
1256 857 1298 867 —

235 942 479 1001 consentaneum
502 939 561 999 est.
606 933 649 996 Et
680 911 712 998 iu
740 934 952 1000 monumentis
975 933 1090 1015 ubique
1112 933 1296 1000 invenimus.

237 1047 318 1112 Nam
349 1046 543 1112 desiderium
573 1045 677 1109 nudas
709 1051 819 1126 partes
841 1044 977 1126 velandi,
1008 1050 1175 1126 postquam
1204 1044 1300 1127 longa

237 1157 345 1222 tunica
360 1157 479 1240 gestari
497 1156 592 1222 solita
608 1161 667 1236 est,
691 1156 792 1222 maius
807 1156 926 1222 lactum
942 1161 1014 1222 erat
1028 1175 1122 1238 quam
1139 1157 1299 1221 anteriore

238 1275 353 1351 aetate,
378 1287 442 1350 qua
465 1276 498 1333 et
520 1267 740 1334 adulescentes
755 1275 788 1333 et
802 1269 931 1334 iuvenes
947 1287 1011 1332 una
1025 1268 1118 1332 laena
1133 1273 1299 1334 contentos

238 1379 336 1445 luisse
377 1399 475 1460 supra
505 1380 652 1446 vidimus
697 1379 760 1445 Sed
789 1399 872 1462 quae
900 1379 1000 1445 vestis
1029 1379 1142 1462 longae
1172 1380 1299 1446 tunicae

236 1490 302 1556 1000
325 1497 500 1572 usurpatur
522 1511 542 1556 0
565 1492 665 1558 viris?
687 1492 807 1556 Iterum
831 1497 928 1572 atque
944 1491 1059 1556 iterum
1083 1491 1298 1572 circumspici-

237 1621 324 1668 mus:
354 1602 459 1667 nulla!
505 1606 655 1668 Attamen
679 1603 833 1685 scriptum
857 1603 1019 1668 videmus:

321 1717 354 1798 1)
370 1716 402 1779 111
419 1715 793 1780 Hermauui·Bluemueri
807 1714 881 1779 libri
897 1733 927 1796 p.
946 1713 1024 1779 175:
1044 1712 1224 1795 „Wahrend
1240 1714 1298 1778 der

235 1826 362 1908 Maugel
387 1829 444 1892 des
468 1826 674 1891 Unterkleids
695 1825 867 1892 hbthsteus
883 1823 1082 1907 Dtlrftigkeit
1097 1825 1225 1905 venriet,
1245 1825 1297 1889 die

236 1938 292 2001 der
323 1939 456 2020 doppelt
485 1957 691 2019 genommene
713 1937 834 2003 Mantel
858 1932 1007 2022 (τρίβων)
1030 1935 1127 2001 leicht
1149 1940 1296 2017 arsetam,

232 2051 322 2112 ward
351 2049 400 2114 eiu
425 2050 520 2114 Manu
551 2050 632 2115 ohne
655 2049 873 2130 Obergewand
904 2047 956 2113 fiir
987 2047 1076 2113 nicht
1105 2046 1165 2113 viel
1188 2046 1298 2112 besser

237 2161 284 2224 als
316 2161 366 2225 eiu
397 2160 536 2227 Nackter
566 2161 762 2244 angesehcn;
796 2161 878 2226 doch
909 2161 984 2224 kam
1016 2160 1068 2224 die
1100 2157 1296 2224 statuarisch

236 2270 365 2360 hdufige
385 2272 502 2339 Tracht
534 2275 590 2338 des
622 2273 759 2339 Mantels
789 2274 871 2338 ohne
898 2271 1085 2338 Unterkleid
1115 2272 1157 2335 im
1191 2270 1296 2336 Leben
1367 2347 1370 2352 Ι

234 2402 294 2448 nur
316 2403 396 2467 ganz
419 2385 592 2450 vereiuzelt
614 2387 707 2465 vor“;

318 2497 352 2578 2)
375 2498 462 2578 apud
485 2497 510 2562 I.
527 2496 715 2562 Muellerum
731 2497 767 2579 (l.
782 2497 801 2562 l.
811 2517 848 2577 p.
864 2497 956 2578 42511
983 2495 1062 2580 „Die
1084 2494 1202 2577 vbllige
1217 2494 1296 2558 Hin-

235 2606 359 2690 gebung
382 2608 438 2674 des
461 2609 592 2673 antihen
615 2608 793 2673 Gewandas
822 2627 862 2672 an
891 2607 944 2672 die
967 2606 1095 2674 Gestalt
1118 2607 1162 2671 ist
1184 2625 1218 2672 es
1241 2625 1297 2672 vor

236 2718 340 2797 allem,
361 2720 478 2786 welche
493 2721 674 2786 demselben
692 2721 780 2785 scine
795 2720 894 2802 ewige
909 2718 1142 2784 klinstlerisehe
1158 2718 1297 2800 Geltung

237 2829 400 2896 verleiht.“
436 2830 518 2897 Sunt
541 2832 638 2898 verba
653 2831 762 2896 (lonzii
777 2830 937 2912 (Tetricbs
952 2829 1083 2896 Bldttcr
1095 2831 1154 2913 fair
1169 2829 1296 2894 Konst-

233 2963 307 3026 yero.
330 2941 355 3005 Ι
358 2943 393 3022 V,
418 2945 481 3023 62),
526 2944 667 3008 Additur
689 2942 854 3008 adnotatio
877 2943 915 3008 6:
950 2942 1078 3021 „Doher
1099 2940 1238 3024 bagreiit
1260 2961 1294 3007 es

234 3053 311 3135 sich,
335 3055 410 3121 dass
426 3055 477 3120 die
500 3057 615 3135 Kuust,
638 3074 697 3120 von
713 3057 770 3120 der
786 3053 1020 3136 gewbhulichen
1038 3053 1121 3119 Sitte
1137 3054 1178 3119 im
1190 3053 1295 3119 Lebeu

235 3165 447 3248 abueichend,
471 3167 539 3233 sich
564 3167 810 3248 [larstelluugen
833 3167 877 3231 im
895 3164 1058 3230 Himatiou
1082 3166 1163 3232 ohne
1179 3165 1295 3233 (lhiton

234 3278 408 3345 erlaubte“.

214 3407 215 3410 ’
319 3389 427 3456 Ε110111
451 3389 647 3456 Studniczka
664 3390 795 3455 ridetur
816 3389 863 3454 sic
878 3390 1027 3468 sensisse,
1049 3389 1102 3470 qui
1120 3388 1222 3454 locum
1234 3389 1294 3453 lin-

234 3506 305 3566 teae
327 3502 455 3567 tunicae
476 3508 545 3567 tum
568 3502 661 3568 lanea
683 3501 784 3568 teneri
806 3506 900 3595 putet
921 3501 1039 3582 (Beitr.
1056 3522 1092 3582 p.
1115 3501 1180 3583 26).

319 3612 470 3678 Artifices
503 3614 603 3696 igitur
628 3649 662 3661 -
694 3615 741 3679 sic
769 3613 860 3677 aiunt
883 3649 918 3658 -
946 3617 982 3678 ut
1013 3617 1196 3678 venustates
1227 3630 1295 3676 cor-

233 3725 320 3806 poris
343 3725 473 3790 humani
496 3727 609 3792 melius
632 3726 848 3805 ostenderent,
872 3726 980 3790 tunica
1001 3724 1147 3806 neglecta
1161 3724 1293 3806 pallium

233 3835 392 3918 eligebant
414 3836 514 3902 solam
537 3843 667 3903 vestem.
712 3835 939 3918 Praeterquam
963 3837 1104 3918 quodid
1127 3856 1187 3900 non
1211 3855 1294 3902 sem·

159 3941 161 3944 ’
232 3966 291 4028 per
312 3945 435 4014 faciunt
458 3986 498 3994 —
521 3948 628 4015 brevis
658 3949 741 4014 enim
771 3949 878 4014 tunica
908 3967 978 4013 cum
1000 3948 1099 4032 pallio
1121 3950 1152 4013 iu
1177 3950 1294 4014 statuis

233 4059 400 4126 Aeschinis
424 4059 592 4126 Menandri
614 4060 748 4126 aliorum
764 4061 926 4126 invenitur
948 4097 989 4106 -
1012 4079 1112 4142 neque
1127 4060 1159 4126 iu
1176 4055 1294 4126 statuis
