3120 4784
660 415 852 482 ..7-

222 606 240 652 1
262 587 347 652 Ρ111.
372 586 436 653 Sol.
460 605 484 652 c.
508 588 547 652 21
573 588 720 653 mulieres
743 587 853 656 domos
876 607 949 654 raro
969 589 1134 670 reliquisse
1156 591 1285 657 minime

224 703 366 779 apparet.

309 810 371 876 Sed
395 811 533 876 tunicam
556 812 682 894 longam
708 811 868 878 homerica
890 817 998 878 aetate
1022 814 1153 881 Graecis
1175 821 1283 881 notam

223 919 320 986 fuisse
342 941 380 988 ne
402 924 612 989 monumentis
634 924 762 1004 quidem
779 925 1025 991 demonstratur.
1058 925 1284 991 Praetermitto

223 1053 270 1114 ea,
291 1051 373 1114 quae
390 1033 531 1116 Tirynte,
554 1035 705 1117 Mycenis
728 1033 820 1116 Vafii,
844 1035 1033 1100 Orchomeni
1056 1043 1184 1119 reperta
1199 1043 1283 1119 sunt,

223 1145 297 1226 quia
319 1146 361 1210 ad
384 1162 479 1226 quam
501 1152 628 1226 gentem
651 1145 818 1212 referenda
840 1147 913 1225 sint,
945 1147 1050 1212 adhuc
1074 1147 1203 1213 dubium
1227 1154 1284 1214 est.

225 1256 284 1322 Sed
307 1257 338 1322 in
363 1258 449 1323 vasis
476 1258 518 1323 ad
542 1257 678 1342 Dipylon
702 1258 850 1340 repertis,
880 1276 962 1339 quae
984 1258 1120 1324 Athenis
1143 1258 1286 1326 coniecta

224 1387 291 1434 esse
314 1368 457 1434 homines
473 1370 559 1434 docti
582 1389 665 1435 nunc
679 1370 762 1436 inter
777 1389 811 1435 se
827 1370 1038 1448 consentiunt,
1062 1369 1155 1452 longa
1177 1372 1285 1437 tunica

222 1478 342 1546 frustra
366 1481 583 1564 quaeriturt),
612 1482 709 1546 etiam
733 1482 818 1561 apud
842 1481 980 1561 aurigas,
1003 1483 1058 1562 qui
1073 1481 1127 1546 iila
1142 1481 1196 1548 ubi
1218 1483 1284 1563 pri-

222 1610 307 1656 mum
324 1591 496 1674 invenitur,
513 1592 622 1658 restiti
637 1597 808 1658 cernuntur
828 1593 884 1675 (of.
896 1592 970 1657 Bm.
984 1594 1036 1676 fip.
1048 1597 1125 1652 2071
1136 1623 1178 1646 =
1192 1594 1284 1658 Mon.

220 1701 286 1782 IX,
311 1707 422 1782 38,1,·
445 1709 493 1783 48,
516 1704 766 1783 1,·Α1111144,
790 1708 866 1763 1872
890 1703 945 1769 To.
960 1703 1019 1786 J.).
1074 1704 1119 1768 Ut
1145 1705 1177 1769 in
1201 1705 1286 1770 vasis

221 1813 345 1880 duobus
377 1833 510 1895 quorum
544 1815 680 1880 alterum
703 1813 1131 1898 111Η111111111(Η111192
1152 1836 1187 1896 p.
1212 1820 1264 1874 177
1274 1836 1285 1894 ,·

223 1926 347 1991 Furtw.
369 1925 484 1992 Kctul.
507 1927 569 1991 No.
593 1933 654 2005 58;
679 1926 847 1993 Jatrboet
869 1931 959 2006 1887,
992 1925 1042 2009 Tf.
1067 1934 1109 2006 5,·
1138 1927 1211 1992 Bm.
1232 1928 1285 2010 rip.

224 2039 328 2118 20⁷9),
356 2038 490 2103 alterum
515 2038 641 2104 Phaleri
663 2043 823 2119 repertum
848 2042 896 2102 est
927 2038 1055 2118 (Jahrb.
1071 2041 1153 2114 1887,
1171 2059 1206 2120 p.
1231 2043 1284 2115 55,

227 2153 338 2229 1113,
358 2152 411 2233 fip.
427 2152 482 2232 20)
508 2150 645 2230 primum
668 2150 762 2232 longa
784 2149 893 2214 tunica
914 2154 947 2214 11
975 2151 1106 2231 aurigae
1128 2147 1203 2215 ficta
1224 2153 1305 2214 111.Ι

227 2259 284 2326 1111
305 2266 411 2326 autem
435 2279 512 2326 vasa
534 2261 664 2327 Homeri
685 2259 753 2326 fere
776 2259 972 2343 temporibus
994 2259 1080 2327 iacta
1102 2267 1187 2342 sunt,
1216 2260 1286 2342 qui-

224 2373 282 2438 bus
305 2373 432 2454 quidem
457 2372 600 2438 homines
626 2376 914 2454 repraesententur,
937 2371 1016 2439 haec
1039 2372 1123 2438 inter
1146 2378 1285 2440 aetatem

223 2482 415 2550 homericam
440 2490 473 2550 11
496 2483 629 2550 Solonis.

309 2596 415 2674 Quare
454 2598 494 2662 de
533 2595 653 2678 origine
684 2596 811 2662 tunicae
840 2594 942 2661 virilis
973 2593 1165 2661 Graecorum
1195 2597 1285 2663 nobis

222 2707 448 2788 quaerentibus
469 2707 510 2772 ab
533 2707 625 2773 initio
648 2707 857 2773 discernenda
879 2712 929 2772 est
951 2706 1058 2772 brevis
1080 2725 1101 2770 1
1123 2705 1226 2788 longa.

309 2818 480 2902 Postquam
503 2820 602 2901 igitur
625 2837 695 2884 cum
718 2816 772 2883 alii
793 2825 860 2882 tum
876 2817 912 2882 F.
928 2817 1122 2884 Studniczka
1138 2819 1178 2882 de
1193 2836 1284 2883 voca-

222 2929 297 2995 bulo
310 2924 408 3010 χιτών
423 2933 604 2996 accuratius
623 2929 858 3011 quaesiverunt,
879 2929 965 2994 haud
982 2928 1114 2994 dubium
1130 2945 1200 2994 esse
1215 2933 1286 3010 pot·

223 3048 282 3121 est,
304 3043 381 3124 quin
402 3042 510 3108 tunica
533 3041 574 3108 ab
590 3041 812 3122 antiquissimo
834 3040 954 3105 vestitu
970 3038 1165 3105 Graecorum
1181 3038 1285 3104 aliena

221 3151 319 3219 fuerit
351 3159 384 3219 11
413 3172 472 3219 non
504 3159 674 3236 antequam
706 3151 911 3217 asiaticarum
942 3151 1085 3232 gentium
1108 3167 1211 3216 mores
1234 3168 1284 3215 co·

222 3271 420 3348 gemuerant,
442 3271 572 3346 recepta
594 3266 636 3330 sit
664 3263 794 3347 (Stude.
816 3263 920 3328 Boia.
937 3285 974 3346 p.
996 3269 1036 3323 15
1050 3263 1141 3346 sqq).
1189 3262 1286 3328 Ouios

151 3423 153 3426 -
224 3376 313 3459 origo
344 3379 428 3441 unde
459 3377 606 3442 ducenda
635 3377 694 3456 sit,
725 3393 782 3456 pro
812 3380 899 3442 certo
927 3373 1088 3440 affirmare
1116 3394 1177 3439 non
1199 3373 1283 3440 licet.

222 3487 303 3553 Nam
326 3488 458 3554 eandem
482 3493 601 3553 vestem
634 3523 677 3533 —
706 3487 778 3553 dico
810 3485 937 3552 brevem
970 3487 1110 3553 tunicam
1134 3485 1284 3566 -apud

222 3599 413 3683 Babylonios
444 3599 586 3682 (Loftua,
615 3597 732 3664 truncis
760 3598 830 3664 aad
854 3598 1036 3665 reseoreites
1057 3600 1093 3664 ia
1119 3585 1285 3663 Chaldaea

282 3821 283 3824 ’
307 3827 339 3902 4)
377 3827 514 3887 Potuisse
545 3826 674 3902 pictores
704 3824 816 3902 amplas
845 3829 943 3885 vestes
972 3823 1095 3900 pingere
1124 3820 1284 3896 compluri-

113 3913 114 3918 ¹
223 3929 279 3988 bus
294 3929 418 4006 picturis
433 3931 579 4003 donemur,
596 3929 634 3988 cf.
652 3928 715 3986 Bm.
733 3926 816 3986 2078
834 3925 889 4008 (ε
903 3925 1008 3984 Jahrb.
1028 3927 1067 3996 II,
1089 3923 1135 4000 Ts.
1150 3919 1200 3998 2);
1221 3925 1285 3982 Mo·

220 4051 301 4094 num.
324 4033 380 4106 IX,
406 4037 455 4110 39,
482 4037 508 4095 1.
