3120 4784
799 401 994 472 ..2-

355 579 475 651 uestitu
498 581 623 648 abiecto
654 599 725 647 sese
749 588 926 647 armantem
950 579 1189 662 quibuscunque
1212 578 1315 646 rebus
1345 576 1476 646 militi

355 696 516 761 homerico
538 713 620 776 opus
642 703 723 775 erat,
746 699 970 777 praeterquam
991 691 1074 771 quud
1092 710 1149 772 pro
1165 691 1264 757 lurica
1280 693 1468 773 aegidem

356 809 464 874 sumit.
509 807 625 873 Utrum
658 823 733 870 vero
762 806 872 870 tunica
900 820 1001 883 usque
1029 804 1070 868 ad
1093 821 1239 884 genuen
1262 805 1307 868 ad
1337 807 1465 885 pedes

354 920 519 1003 penderet,
543 937 603 982 non
627 917 752 982 curavit
775 923 881 1000 poeta.
926 916 988 979 Sed
1011 915 1167 979 accedunt
1188 913 1261 979 alia.
1307 915 1456 994 χλαῖνα

355 1032 439 1096 enim
465 1029 594 1111 saepius
616 1023 749 1112 ἐκιαδίη
771 1025 1010 1108 appellatura
1032 1031 1113 1107 134),
1143 1027 1249 1111 φᾶρος
1280 1026 1457 1093 similiter

356 1140 441 1228 μέγα
456 1143 490 1222 (κ
506 1141 598 1219 643);
623 1141 664 1204 de
687 1139 796 1204 tunica
818 1137 920 1202 simile
943 1136 1130 1202 vocabulum
1154 1156 1213 1202 nnn
1244 1147 1451 1220 usurpatur.

357 1254 440 1320 Nam
463 1246 627 1338 ιερμιόεις
650 1250 728 1315 illud
751 1251 795 1315 ad
817 1249 950 1314 limbum
966 1254 1112 1329 spectare
1130 1247 1330 1315 Studniczka
1348 1258 1447 1318 recte

360 1365 483 1431 monuit
500 1363 618 1446 (Bae.
639 1384 672 1445 p.
698 1367 741 1422 58
756 1362 825 1444 sq).
860 1360 1030 1442 Nunquam
1054 1361 1179 1426 tunicas
1201 1361 1285 1425 inter
1309 1379 1348 1426 se
1372 1361 1442 1427 dif-

358 1475 497 1542 ferentes
519 1480 615 1556 poetc
637 1472 804 1557 significat.
848 1473 965 1538 Nestor
995 1473 1104 1536 eodem
1138 1472 1229 1537 modo
1254 1491 1327 1538 eam
1353 1473 1440 1559 περὶ

358 1583 519 1674 στήθεσσι
540 1586 647 1652 induit
662 1587 696 1669 (a
712 1588 781 1664 131)
802 1601 864 1664 quo
884 1583 1091 1648 Telemachus
1111 1581 1190 1666 περὶ
1213 1581 1293 1669 χροΐ
1314 1586 1349 1668 (ο
1366 1589 1434 1668 60),

356 1699 493 1764 Frustra
522 1698 705 1778 quaerimus
738 1693 924 1761 vocabulum
955 1694 1035 1758 illud
1065 1687 1270 1772 ἑλκεχίτωνες
1298 1700 1434 1780 saepius

359 1810 551 1893 repetitum
575 1809 672 1874 semel
696 1807 856 1872 iuvenitur
879 1812 912 1872 et
935 1824 971 1870 eo
994 1804 1061 1870 loco
1083 1807 1128 1887 (N
1150 1807 1234 1888 685),
1256 1827 1353 1889 quem
1375 1830 1431 1891 po·

283 2005 286 2010 ,
358 1922 494 1987 steriore
523 1926 632 1986 aetate
665 1919 874 2000 compositum
907 1935 977 1982 esse
1006 1915 1148 1980 homines
1179 1919 1263 1983 docti
1286 1919 1373 1984 inter
1394 1941 1428 1988 se

359 2032 560 2099 consentiant
583 2032 640 2114 (cf.
663 2030 780 2097 Studet.
801 2029 906 2094 Beitr.
924 2049 960 2110 p.
984 2029 1047 2110 58).
1094 2028 1180 2092 Idem
1204 2029 1357 2110 scriptum
1380 2034 1425 2097 vi·

359 2146 471 2210 demus
501 2143 533 2207 in
564 2142 681 2224 hymno
705 2140 862 2221 Apollinis
889 2142 931 2222 (ο.
955 2140 1034 2221 147),
1063 2140 1117 2222 qni
1145 2142 1271 2222 quando
1300 2159 1418 2224 compo-

360 2256 442 2320 situs
464 2254 518 2334 sit,
541 2252 672 2318 dubium
696 2263 761 2317 est:
785 2253 920 2333 septimo
943 2250 1069 2316 saeculo
1092 2251 1234 2333 plerique
1251 2257 1414 2320 concedunt

360 2366 417 2450 (cf.
449 2364 588 2443 Gemoll,
621 2365 650 2428 d.
683 2363 797 2428 homer.
833 2363 993 2446 Hymaea,
1020 2384 1056 2444 p.
1085 2363 1164 2444 118).
1217 2363 1297 2428 Tum
1321 2366 1405 2443 igitur

358 2477 451 2540 Iones
481 2474 608 2556 longam
639 2475 781 2540 tunicam
804 2476 1048 2555 adoptaverant,
1079 2475 1135 2539 sed
1168 2479 1275 2539 utrum
1300 2481 1402 2541 tantun

358 2587 457 2654 restis
485 2585 603 2652 festiva
631 2585 729 2651 inerit
751 2604 791 2649 an
815 2586 984 2666 cotidiana,
1016 2586 1183 2651 diiudicari
1218 2605 1276 2650 uon
1309 2593 1410 2669 potest.

360 2700 479 2764 Eodem
510 2705 659 2779 spectant
687 2697 758 2761 hsii
789 2716 900 2762 versus
933 2698 1051 2762 aetatis
1080 2699 1264 2778 posterioris
1296 2698 1414 2782 (Attea.

361 2809 447 2888 XII,
470 2813 534 2868 526·
555 2809 631 2891 sq.):
656 2807 753 2872 Samii
777 2809 808 2871 in
832 2808 986 2889 templum
1009 2808 1138 2874 Iunonis
1160 2811 1377 2890 ingrediuntur

839 2916 1084 3003 πεπυκασμένοι
1108 2919 1221 3003 εἵμασι
1243 2921 1353 3000 καλοῖς

444 3028 584 3110 χιονέοις
605 3053 640 3094 σε
660 3033 774 3110 χιτῶσι
797 3028 901 3095 πέδοι
921 3029 1046 3110 χθονὸς
1068 3023 1177 3115 εὐρέος
1199 3023 1308 3112 εἶχον.
1323 3082 1353 3097 ..

449 3142 594 3208 Certiora
624 3161 699 3206 vero
731 3144 913 3207 testimonia
943 3162 981 3208 err
1002 3143 1048 3208 eis
1069 3142 1257 3226 fragmentis
1280 3145 1411 3226 colligere

363 3271 540 3336 possumne,
572 3253 687 3335 quibus
711 3270 772 3333 qno
796 3254 887 3317 modo
910 3253 1024 3318 Graeci
1046 3255 1077 3318 in
1102 3273 1157 3318 ora
1180 3255 1310 3322 asiatica
1330 3256 1410 3321 hubi·

363 3372 469 3430 tantes
492 3363 646 3445 paulatim
678 3362 822 3428 mollitiei
849 3372 882 3429 et
905 3364 1129 3430 effeminationi
1152 3366 1301 3433 asiaticae
1321 3386 1409 3434 cesse-

362 3477 438 3556 rint,
460 3482 620 3540 narratur.
664 3473 753 3550 Quae
786 3495 823 3539 ex
856 3475 959 3540 tribus
983 3476 1075 3543 rebus
1099 3479 1244 3558 cognosci
1266 3479 1409 3544 solentze

363 3589 471 3652 tunica
502 3586 597 3666 longa
629 3585 788 3651 interdum
822 3605 982 3668 purpureo
1011 3588 1101 3653 clavo
1127 3593 1293 3670 praetexta
1311 3588 1408 3672 (χιτών

364 3697 655 3784 περιπορφοροῖς),
680 3715 839 3778 purpureo
855 3697 951 3780 pallio
967 3694 1111 3780 (ἱμάτιον
1132 3693 1306 3784 ἁλουργές),
1326 3701 1408 3766 erlui-

364 3810 423 3874 bus
458 3809 562 3875 unctis
592 3812 625 3874 et
654 3827 733 3874 auro
763 3809 893 3873 ornatis.
937 3808 1070 3885 Qualem
1101 3812 1251 3875 vestitum
1279 3812 1407 3896 Erythris

363 3921 428 3984 iam
458 3920 597 4000 Ortyges
627 3928 659 3983 et
692 3918 873 3999 Amphicles
904 3919 1003 3984 Chius
1035 3921 1185 3986 inducere
1217 3925 1316 3988 conati
1343 3932 1406 3989 sunt

365 4029 471 4112 Cnopo
500 4031 601 4108 vict03
644 4031 699 4094 sed
731 4029 826 4110 paulo
865 4041 937 4110 post
974 4030 1152 4115 Hippotes,
1188 4033 1287 4097 irater
1313 4035 1405 4117 unopi,
