3120 4784
668 395 880 464 ..44-

244 576 297 656 pp,
315 577 379 651 217,
398 593 433 654 p.
449 572 536 654 238).
567 570 667 637 Nemo
689 564 828 637 virorum
852 569 959 635 tunica
980 568 1076 650 longa
1097 567 1229 632 indutus
1245 573 1304 632 est.

244 683 302 749 Oui
325 683 439 749 similis
461 682 572 747 tabula
594 689 645 749 est
666 701 768 764 nuper
787 682 884 762 edita,
908 681 992 747 viros
1007 679 1182 745 clamantes
1197 686 1305 744 osten·

243 797 321 860 dens
337 794 485 876 (Epirum.
500 798 591 874 1889,
607 817 676 858 nur.
693 798 749 876 11).
789 793 895 859 Etiam
911 793 1038 875 saepius
1054 790 1185 873 pallium
1203 791 1303 856 solum

244 907 407 972 invenitur
437 907 595 987 invasis,
621 925 703 988 quae
731 906 837 971 rubris
865 904 977 986 figuris
1008 911 1122 968 oruata
1152 909 1228 968 suut
1250 903 1306 985 (ef.

246 1018 342 1084 Gau.
363 1018 404 1084 A.
436 1017 471 1083 V.
494 1018 536 1082 B.
557 1019 743 1100 278-284),
798 1015 867 1081 Nou
901 1016 980 1081 mihi
1011 1033 1196 1080 enumerare
1225 1034 1305 1095 opus

242 1135 293 1195 est
315 1130 469 1212 exempla,
492 1127 628 1210 quaein
652 1129 738 1195 vasis
760 1128 902 1210 Duridis,
935 1127 1122 1208 Euphrouii,
1146 1126 1305 1206 Hieremia,

244 1241 342 1323 Brygi
383 1248 416 1306 et
449 1242 537 1322 apud
567 1241 705 1323 reliquos
739 1240 885 1304 meliores
919 1239 1072 1320 pictores>
1091 1238 1303 1320 reperiuntur.

242 1351 321 1417 Post
342 1370 474 1433 quorum
498 1357 636 1418 aetatem
659 1352 755 1434 longa
778 1351 887 1416 tunica
900 1369 999 1432 prope
1015 1368 1201 1415 evanescere
1217 1350 1304 1415 vide·

243 1470 305 1543 tur,
328 1483 518 1546 quamquam
536 1463 588 1529 hic
602 1463 668 1529 illie
685 1464 825 1530 cernitur
848 1463 1041 1544 (Beuudorf
1053 1462 1071 1526 l.
1088 1462 1108 1527 i.
1124 1463 1307 1541 48,1,·39).

327 1575 438 1656 Neque
461 1575 556 1640 aliter
578 1575 609 1640 in
632 1581 703 1641 arte
722 1575 881 1640 statuaria
896 1593 948 1640 res
964 1592 1034 1639 sese
1050 1572 1155 1654 habet,
1178 1573 1305 1638 etiamsi

242 1705 402 1768 perpauca
421 1693 497 1752 suut
513 1692 701 1752 conservata
716 1692 928 1766 monumenta,
951 1705 989 1750 ex
1006 1686 1122 1766 quibus
1137 1703 1305 1766 eognosca-

242 1803 305 1863 tur.
339 1798 375 1862 In
392 1797 537 1862 columna
550 1799 673 1882 Lyseae
689 1797 819 1881 (Athea.
834 1798 964 1863 Mitteil.
985 1802 1070 1876 1878,
1088 1796 1139 1880 Tf.
1150 1799 1181 1880 1)
1197 1798 1305 1862 tunica

241 1909 337 1991 longa
359 1908 592 1991 invenitur31).
638 1909 736 1974 Deest
766 1915 872 1974 autem
903 1911 967 1974 iam
989 1909 1021 1972 in
1045 1908 1190 1974 columna
1211 1908 1305 1973 Alxe·

242 2020 329 2084 noris
352 2020 585 2101 (Friederiaira
595 2021 738 2100 Wolters,
769 2021 948 2086 Buusteiue
970 2042 1020 2085 ao.
1043 2025 1084 2079 20
1106 2051 1149 2072 =
1170 2020 1306 2085 Braun-

242 2130 465 2210 Brutumque,
488 2129 686 2197 Deutmciier
700 2153 751 2198 uo.
768 2139 828 2213 41),
852 2152 916 2214 qua
937 2150 999 2196 non
1021 2132 1193 2213 agricolam
1208 2150 1304 2212 queu-

243 2243 327 2321 dam,
357 2243 415 2306 sed
445 2242 601 2307 hominem
635 2243 771 2309 nobilem
801 2242 909 2310 fictum
940 2263 1011 2309 esse
1038 2243 1209 2309 verisimile
1236 2249 1302 2320 eat;

241 2353 317 2435 quia
347 2353 443 2418 talem
476 2354 590 2418 stelam
618 2373 740 2436 pauper
763 2356 815 2421 vix
837 2355 899 2420 sibi
921 2373 1035 2436 parere
1056 2355 1171 2437 potuit.
1216 2353 1303 2431 Quae

240 2466 304 2532 etsi
326 2467 358 2531 in
383 2466 513 2530 Boeotia
535 2472 664 2547 reperta
685 2476 718 2532 et
739 2466 878 2532 fortasse
897 2466 984 2532 faeta
999 2472 1058 2546 est,
1081 2472 1197 2546 tamen,
1219 2465 1303 2546 quod

242 2577 338 2642 etiam
371 2595 408 2641 eo
438 2576 563 2658 longam
592 2579 731 2643 tunicam
755 2582 941 2660 penetrasse
964 2579 1105 2643 conicere
1126 2595 1304 2658 passumus,

241 2689 340 2771 digna
372 2696 423 2754 est
453 2707 534 2770 quae
564 2697 833 2756 commemoretur.
878 2690 914 2753 In
938 2707 1055 2771 pompa
1077 2708 1152 2754 vero
1173 2688 1304 2770 zephori

240 2799 455 2865 Parthenonis
478 2800 562 2882 apud
586 2806 635 2867 tot
656 2801 742 2867 viros
764 2820 805 2867 ne
826 2821 891 2866 una
912 2801 1039 2883 quidem
1062 2801 1171 2866 tunica
1186 2800 1304 2866 veteris

240 2911 367 2994 generis
390 2913 558 2994 reperitur.
603 2912 647 2977 Et
674 2912 715 2978 ab
737 2913 794 2978 illa
816 2917 925 2979 aetate
946 2913 978 2977 in
1001 2911 1162 2978 cotidiano
1183 2911 1304 2976 vestitu

240 3023 361 3089 frustra
383 3043 453 3088 eam
468 3043 604 3106 quaeras
615 3026 677 3108 3’).

287 3181 289 3188 >
320 3134 382 3200 Pro
391 3140 498 3202 vetere
507 3137 631 3202 ratione
639 3134 1180 3219 palliiatergopariterimponendi
1190 3153 1302 3201 novam

329 3310 382 3387 31)
404 3309 516 3384 Figura
544 3330 620 3390 quae
642 3310 673 3369 in
697 3331 813 3371 eurrum
837 3311 969 3370 aseendit
1000 3309 1226 3389 (Fried.-Wolt.
1252 3309 1302 3387 87)

242 3434 301 3472 non
324 3411 430 3486 virilis,
453 3415 503 3472 sed
529 3414 659 3473 feminea
681 3420 726 3474 ast
747 3418 870 3491 propter
890 3413 1042 3474 vestitum.
1085 3413 1161 3471 Nam
1184 3412 1303 3486 aurigae

241 3534 357 3593 semper
385 3517 448 3575 fere
475 3516 565 3591 longa
586 3517 687 3576 tunica
708 3517 771 3576 sola
792 3516 893 3576 vestiti
917 3519 1004 3590 sunt3
1036 3516 1185 3575 interdum
1215 3515 1303 3591 pallis

241 3619 367 3690 additur,
389 3621 485 3678 aetate
508 3619 672 3694 posteriora
688 3618 776 3678 etiam
792 3617 915 3694 pallium
931 3618 1026 3678 solum
1041 3618 1204 3690 invenitur,
1227 3638 1302 3676 nun-

241 3740 329 3798 quam
358 3721 484 3780 vestitus
513 3721 602 3780 huius
631 3722 753 3796 figurae.
799 3721 844 3780 De
865 3720 990 3800 reliquis
1012 3721 1108 3780 causis
1130 3723 1166 3779 ef.
1190 3720 1302 3778 Fries-

241 3823 333 3882 Wolt.
356 3822 376 3882 l.
398 3824 418 3882 1.

330 3925 383 4004 32)
406 3927 454 3985 Ab
476 3925 596 4001 aurigis,
618 3926 828 3999 sacerdotibus,
860 3925 926 3985 aljis
950 3945 1014 3984 eam
1037 3929 1216 3986 reservatam
1238 3942 1302 3984 esse

241 4035 345 4090 notum
367 4032 412 4088 est
434 4027 487 4106 (es.
515 4030 617 4089 Seudn.
640 4029 706 4089 adu.
730 4028 790 4109 76).
