3120 4784
611 402 823 468 ..11-

185 575 246 642 diu
270 573 396 656 Syriam
420 572 700 657 septentrionalem
727 579 760 640 et
782 574 893 639 Asiam
915 572 1067 639 minorem
1089 570 1254 653 regebant,

185 687 348 765 Chaliten,
370 687 425 769 qui
448 685 488 752 ab
505 685 674 768 Aegyptiis
690 685 782 750 Khiti
797 685 1002 751 vocabantur.
1038 687 1142 767 Atque
1156 684 1252 750 ctiam

184 800 221 865 in
244 817 353 882 pugna
375 798 457 880 ipse,
481 803 517 862 nt
539 798 572 863 in
596 797 707 863 tabula
729 796 785 861 illa
808 795 897 879 picta
912 795 1075 878 Thebana,
1096 814 1160 878 quo
1182 813 1253 861 cum

186 910 359 994 Aegyptiis
375 907 579 991 confligentes
594 910 818 988 ostenduntur,
840 908 935 989 longa
950 909 1058 976 tunica
1071 927 1134 974 non
1150 908 1253 974 cincta

183 1023 294 1090 induti
309 1027 385 1090 sunt
400 1021 478 1104 (Ed.
492 1022 616 1105 Meyer,
636 1020 748 1088 Gesclu.
762 1021 841 1105 Aep.
857 1021 902 1086 cd
913 1041 947 1102 p.
956 1025 1036 1099 2903
1058 1019 1253 1087 Wilicinsoo·

185 1134 301 1214 Bircll,
330 1155 483 1200 mouera
514 1138 545 1199 el
567 1137 702 1200 coclums
728 1134 766 1216 of
784 1133 833 1199 llic
855 1134 986 1200 onmem
1006 1132 1199 1217 Epyplious.
1223 1133 1255 1210 Ι,

183 1269 218 1330 p.
233 1247 322 1329 259).
358 1244 402 1310 Et
424 1263 480 1310 rex
502 1246 572 1328 ipse
594 1244 743 1312 ohetcsir
764 1244 797 1309 in
821 1245 931 1310 eadem
953 1250 1043 1310 veste
1066 1243 1253 1350 Ramsenll

190 1357 499 1424 circaannum1280
518 1356 662 1423 salutans
677 1356 810 1440 fingitur
825 1356 903 1436 (Ed.
914 1355 1039 1440 Meyer,
1056 1355 1075 1420 l.
1087 1355 1106 1420 l.
1116 1377 1153 1437 p.
1171 1354 1253 1437 291).

190 1470 266 1536 Cum
290 1470 391 1551 igitur
407 1469 553 1538 Ghetitas
577 1476 677 1534 totam
701 1467 767 1534 iera
790 1468 901 1534 Asiam
924 1469 1077 1532 minorem
1099 1466 1133 1532 in
1154 1468 1253 1534 dicio·

189 1601 258 1648 nem
291 1601 380 1648 suam
412 1582 575 1664 redegisse
605 1581 777 1648 consimile
807 1582 866 1661 sit,
897 1597 1090 1663 quamquam
1120 1578 1253 1646 Hirsch-

188 1692 305 1760 feldius
328 1693 348 1759 l.
365 1693 386 1758 l.
409 1701 521 1759 contre
543 1691 733 1774 disputavit,
755 1693 853 1758 etiam
871 1692 1009 1758 vestitus
1024 1709 1133 1757 eorum
1149 1690 1188 1757 ab
1204 1691 1254 1756 in·

188 1806 266 1873 colis
289 1805 450 1872 veteribus
472 1803 665 1871 fortasse
687 1812 835 1887 receptus
857 1809 916 1884 est,
939 1804 967 1870 si
989 1822 1052 1870 non
1071 1802 1254 1886 agentibus

189 1917 387 1999 euphraticis
409 1917 499 2000 ipsis.

276 2028 450 2095 Phoenices
472 2047 597 2111 qnoque
618 2046 657 2094 ea
679 2027 788 2094 tunica
809 2027 946 2094 vestitos
967 2025 1068 2093 icisse
1090 2045 1190 2109 supra
1205 2027 1252 2091 ui·

194 2139 303 2206 dimus.
334 2139 509 2226 (nampio
532 2142 573 2222 ct.
591 2139 797 2222 Pcrr.·Clc'p.
813 2138 886 2218 ΙΙΙ,
908 2140 961 2223 pip.
978 2143 1051 2218 232,
1070 2143 1140 2218 349,
1164 2141 1254 2217 353.)

194 2251 279 2328 Quae
301 2270 396 2334 quom
419 2250 476 2317 diu
498 2257 623 2317 retenta
645 2252 690 2317 sit
711 2249 1075 2334 oOarthaginiensibus‚
1098 2269 1116 2316 e
1142 2250 1255 2315 Plauto

189 2369 335 2446 apparet.
366 2363 448 2429 Nam
470 2363 502 2428 in
519 2362 660 2429 Poenulo
679 2363 813 2445 Milphio
836 2364 1014 2445 interrogat
1037 2362 1078 2428 de
1100 2362 1256 2428 Hannone

188 2474 231 2559 (o.
255 2476 350 2558 97c):

318 2584 383 2651 Sed
411 2605 493 2668 quac
525 2586 617 2653 illaec
649 2586 719 2651 auis
741 2590 800 2666 est,
833 2604 916 2667 quae
937 2585 1000 2653 huc
1022 2604 1116 2668 quom
1140 2584 1257 2651 tunicis

1016 2697 1170 2763 advenit?

317 2809 474 2874 Numnam
497 2809 529 2874 in
552 2808 687 2875 balineis
709 2809 963 2876 circumductust
984 2809 1108 2892 pallio?

189 2927 272 2986 etv.
297 2920 380 2986 1008
404 2919 578 3002 alloquitur
600 2920 753 2986 eundem:

497 3033 547 3098 Tu
568 3033 623 3114 qui
646 3050 757 3097 zonam
781 3051 844 3097 non
868 3032 977 3115 habea,

319 3143 403 3222 Quid
426 3145 458 3209 in
481 3143 564 3210 hanc
586 3144 721 3211 venistis
743 3144 880 3210 urbem?
897 3193 903 3208 .
920 3191 952 3209 ..

192 3256 345 3322 Similiter
368 3277 395 3322 v.
414 3256 496 3323 1298
513 3257 763 3325 Antamoenides
778 3256 965 3322 Hannonem
983 3254 1180 3336 conspiciens

313 3361 407 3445 ‘Quis
439 3359 519 3450 lnic',
556 3369 670 3450 inquit,
696 3363 838 3434 ‘homost
875 3387 967 3450 quom
1006 3367 1123 3433 tunicis
1155 3366 1259 3447 longis

780 3481 873 3563 qnasi
895 3499 976 3563 puer
997 3468 1212 3562 conponinsi'
1228 3478 1258 3559 ἵ)

276 3589 345 3655 Non
369 3590 500 3658 dubium
522 3596 583 3670 est,
614 3591 691 3673 quin
722 3593 751 3657 ei
772 3591 834 3658 loci
863 3598 896 3658 et
917 3592 1019 3676 alii⁸)
1049 3592 1092 3656 ed
1125 3590 1257 3656 candem

194 3701 331 3768 tunicam
355 3702 482 3785 longam
505 3708 661 3784 spectent.

277 3875 308 3950 7)
332 3875 487 3951 (leupones
516 3881 614 3936 autem
637 3867 830 3950 ἄνεζωσμένοι
852 3882 945 3937 orant
991 3877 1036 3937 ci.
1067 3875 1125 3935 Dio
1148 3875 1255 3954 (llrrys.

195 3997 238 4036 or.
263 3978 312 4050 72,
335 3997 366 4054 p.
390 3983 450 4036 382
473 3977 509 4037 R.
533 3979 574 4037 H.

279 4078 310 4155 8)
333 4079 407 4140 Dico
440 4081 551 4141 Athon.
578 4079 654 4154 XII,
686 4081 783 4152 5231),
815 4081 866 4140 ubi
898 4086 929 4141 ot
958 4081 1062 4143 Iberes
1092 4087 1123 4142 ot
1153 4081 1259 4141 Massi-
