3120 4784
701 412 892 477 ..6-

262 599 370 647 maeus
396 580 525 660 (Athen.
554 579 636 658 ΧΠ,
659 585 765 662 52211)
787 586 894 646 5115515
919 581 1015 646 551551
1039 580 1243 646 Crotoniatas
1266 581 1324 663 Sy·

261 691 331 757 bari
354 693 460 757 deleta
484 692 528 776 (b.
552 714 576 756 5.
600 693 784 775 1111115510)
808 692 951 758 luxuriae
981 712 1014 757 se
1037 693 1163 758 dedisse
1186 698 1323 772 enarret,

261 803 400 868 colonias
421 803 552 868 Italicas
582 803 796 884 compluribus
824 803 961 870 saeculis
990 813 1064 885 post
1087 805 1181 871 urbes
1203 805 1325 886 patrias

261 914 435 980 molliorem
466 915 618 980 vestitum
650 917 821 996 adoptasse
852 916 904 980 vix
925 918 1119 996 persuadere
1141 917 1231 980 nobis
1252 933 1324 998 pos·

261 1045 378 1094 sumus.

350 1137 468 1204 Siritac
489 1155 623 1220 quoque,
654 1156 786 1219 quornm
817 1138 969 1220 oppidum
998 1139 1119 1204 colonia
1141 1146 1211 1204 erat
1234 1137 1322 1204 Golo-

261 1251 448 1334 phoniorum
479 1250 562 1315 circa
593 1268 709 1314 annum
734 1251 796 1316 700
818 1250 955 1330 condita,
985 1250 1246 1316 effeminabantur
1275 1248 1322 1313 lu-

261 1363 353 1426 xuria
376 1361 501 1441 cognita
524 1380 584 1425 non
608 1361 703 1440 domi,
733 1363 789 1426 sed
811 1361 843 1426 in
871 1360 974 1439 Italia,
999 1369 1033 1427 ut
1056 1381 1073 1426 5
1099 1380 1175 1427 1555
1194 1353 1321 1441 ἐξώκει-

260 1473 320 1536 λαν
342 1474 470 1538 videtur
491 1472 623 1537 elucere.
660 1471 703 1537 Et
726 1471 896 1554 gestabant
921 1463 1075 1548 ἀνθίνους
1095 1471 1245 1563 χιτῶνας,
1268 1473 1323 1555 qni

260 1586 300 1649 ad
324 1585 422 1666 pedes
445 1581 619 1649 defluentes
642 1584 844 1649 existimandi
866 1590 950 1665 51155,
980 1586 1064 1666 1111511
1089 1584 1204 1651 Siritae
1227 1603 1322 1650 zonas

260 1696 417 1776 pretiosas
444 1693 582 1760 ferentes
613 1714 632 1760 5
663 1695 774 1761 1151515
806 1692 1037 1780 μιτροχίτωνες
1067 1695 1322 1778 appellabantur.

263 1807 429 1890 Cingulum
463 1812 570 1871 autern
601 1807 633 1871 in
663 1806 751 1873 brevi
778 1808 885 1874 tunica
908 1807 1022 1873 mirum
1046 1826 1105 1872 non
1129 1813 1216 1888 5155,
1247 1827 1323 1891 ergo
1377 1856 1379 1860 -

260 1919 353 2000 longa
368 1917 431 1983 fuit
444 1919 553 1983 tunica
569 1917 733 2000 (Ecstutb.
743 1940 779 2001 p.
795 1925 887 1998 11155,
904 1926 948 1979 55
956 1941 966 1999 ;
980 1921 1096 1986 Athea.
1113 1918 1200 1999 XII,
1211 1925 1276 1982 523
1284 1925 1321 1998 5).

347 2029 396 2094 En
426 2029 477 2094 his
510 2028 656 2094 omnibus
686 2029 857 2095 verisimile
886 2031 964 2094 mihi
997 2031 1122 2097 videtur
1154 2049 1215 2096 non
1249 2037 1323 2097 5555

260 2138 421 2206 5555511151
445 2139 614 2222 septimum
638 2140 794 2206 luxuriam
818 2141 993 2220 asiaticam,
1022 2140 1323 2223 551555155111511

261 2245 414 2338 ποδήρης,
441 2250 472 2315 15
495 2252 614 2332 oppida
637 2270 751 2334 graeca
774 2253 868 2318 Asiae
890 2253 1023 2318 minoris
1045 2271 1113 2330 esse
1135 2256 1320 2338 ingressam.

259 2363 374 2442 ltaque
395 2380 435 2427 ne
457 2361 497 2428 ab
521 2363 766 2430 Atheniensibus
794 2365 921 2447 quidem
946 2371 1041 2432 55555
1064 2385 1177 2431 novam
1200 2373 1317 2434 1555515

258 2477 419 2559 gestatam
441 2491 511 2540 esse
526 2474 668 2541 conicere
683 2494 867 2558 possumus;
890 2482 923 2542 et
939 2478 1024 2542 15551
1040 2479 1179 2544 5111115551
1194 2478 1318 2562 longam

259 2584 379 2650 aviris
409 2588 443 2650 et
472 2586 700 2651 amulieribus
730 2594 889 2670 receptam
921 2608 982 2654 non
1013 2594 1137 2655 tantum
1169 2593 1322 2673 temporis

257 2697 400 2776 interest,
425 2702 462 2761 ut
483 2698 661 2763 mirandum
685 2699 737 2764 sit.
788 2698 982 2767 Studniczka
1005 2703 1087 2766 enim
1111 2703 1159 2785 (p.
1182 2701 1252 2783 19),
1286 2710 1322 2766 ut

258 2808 461 2890 supradixi,
491 2827 550 2873 non
575 2808 717 2889 dubitat,
747 2811 822 2893 quin
853 2812 907 2877 illa
940 2813 1154 2894 compluribus
1184 2810 1320 2876 saeculis

258 2925 428 3001 antequam
453 2940 472 2986 5
494 2920 679 2988 mulieribus
704 2921 949 2990 Atheniensibus
972 2925 1090 3004 gestari
1109 2931 1221 3002 coepta
1236 2922 1320 2984 55555

258 3031 360 3114 (anuo
382 3031 471 3115 568),
496 3050 516 3096 5
538 3032 616 3097 11115
638 3044 793 3115 usurpata
815 3033 921 3100 1115115.
967 3034 1057 3110 Quod
1081 3051 1137 3112 per
1159 3050 1193 3095 se
1214 3030 1317 3106 ipsum

259 3142 432 3208 verisimile
454 3162 515 3209 non
539 3152 618 3209 eret.
662 3145 742 3210 Nam
776 3150 811 3209 nt
844 3146 991 3210 mulieres
1014 3142 1191 3222 antiquiore
1213 3142 1319 3204 aetate

258 3255 360 3336 magis
390 3256 475 3340 domi
506 3255 652 3322 occlusae
684 3241 773 3321 haud
801 3255 847 3319 155
870 3255 961 3319 155115
984 3251 1192 3317 communiter
1215 3269 1318 3315 mores

259 3365 426 3431 vestiarios
448 3372 573 3432 mutare
595 3368 766 3450 potuerint,
798 3370 903 3430 tamen
933 3383 990 3445 per
1020 3364 1083 3429 tria
1104 3361 1170 3428 fere
1192 3363 1319 3430 saecule

259 3497 298 3542 ne
320 3482 449 3543 cenatas
480 3479 607 3561 quidem
637 3465 709 3543 esse
737 3476 874 3541 tunicam
897 3476 1029 3541 linteam
1062 3474 1124 3541 sibi
1146 3492 1318 3540 accommo-

258 3589 336 3652 dare
357 3588 410 3653 vin
431 3590 597 3671 quisquam
621 3587 682 3653 sibi
697 3587 897 3670 persuadeat.
933 3587 996 3652 Sed
1011 3587 1082 3667 111115
1104 3589 1234 3652 tandem
1252 3606 1319 3652 mu-

258 3701 351 3765 lieres
373 3700 510 3765 Athenis
540 3698 624 3763 domi
646 3698 693 3764 ita
714 3697 844 3764 retineri
874 3716 1041 3764 consuesse
1071 3718 1128 3764 suo
1155 3701 1224 3765 iure
1246 3718 1319 3765 con-

258 3812 395 3876 tendat?
444 3811 508 3877 Ubi
539 3809 666 3892 quidem
698 3811 969 3902 monumentis,
998 3830 1061 3893 quo
1091 3812 1184 3877 modo
1214 3816 1320 3877 155555

258 3926 401 3987 15555555
424 3922 499 4002 sint,
529 3937 683 4001 quaerere
712 3937 888 4002 possumus,
919 3921 1067 3988 mulieres
1098 3926 1207 3990 statim
1232 3925 1320 3993 11155

259 4038 384 4097 55511555
407 4050 476 4095 5555
499 4037 554 4094 555
577 4029 649 4094 1155·
667 4049 759 4098 15155
782 4049 969 4114 cognoscere
992 4053 1169 4117 possumus.
1214 4037 1321 4119 Atque
