3120 4784
699 381 910 448 „20-

275 552 344 621 sola
376 555 482 621 aureis
515 553 621 619 fibulis
652 555 782 636 gloriari
808 561 916 636 ,atque
949 554 1117 636 splendere
1147 556 1337 636 potuissent,

274 687 371 750 super
393 667 486 750 peplo
509 685 634 747 semper
656 666 788 748 pallium
805 674 862 731 aut
884 666 1046 748 palliolum
1071 665 1251 749 gestabant,
1274 683 1336 746 quo

274 787 492 843 ornamentum
524 777 725 860 splendidum
752 779 962 860 obtegebatur
977 780 1037 859 ¹⁴).
1083 778 1204 843 Deinde
1227 797 1337 842 monu-

275 898 381 955 menta
403 897 591 971 repugnant,
616 891 648 953 in
672 889 786 970 quibus
802 891 941 954 doricam
959 897 1089 969 vestem,
1111 897 1147 956 ut
1163 896 1222 971 est,
1240 909 1336 971 super

275 1003 408 1067 ionicam
436 1002 579 1065 indutam
603 1007 636 1066 et
658 1000 764 1065 fibulis
788 1010 964 1067 consertam
988 1002 1164 1084 reperimus
1188 1002 1335 1082 (Kouna-

276 1116 356 1192 dios,
387 1114 431 1178 les
455 1114 576 1177 masdes
598 1111 781 1191 d'Atlnbaas,
804 1114 854 1195 pl.
876 1119 934 1192 ld,
964 1113 1132 1179 Sosandra
1161 1111 1338 1178 Calamidis

274 1225 438 1289 Roscber’s
460 1224 582 1306 mythol.
605 1224 683 1288 Lea.
701 1245 736 1305 p.
760 1229 835 1303 412,·
857 1224 972 1290 Sinda.
996 1226 1015 1290 l.
1038 1224 1057 1290 l.
1080 1227 1133 1309 sip.
1153 1230 1201 1302 22,
1221 1247 1256 1306 p,
1277 1225 1336 1305 78).

274 1337 350 1401 Fuit
377 1337 476 1415 igitur
506 1334 622 1400 bellum
646 1336 865 1417 aegineticum,
898 1335 961 1400 fuit
983 1336 1102 1401 eisdem
1126 1335 1193 1400 fere
1215 1343 1337 1419 tempo-

275 1447 364 1513 ribus
398 1448 534 1511 mutatio
565 1447 701 1512 vestitus
732 1447 911 1512 muliebris:
943 1446 1029 1511 famu
1063 1448 1145 1512 duae
1179 1465 1230 1512 res
1264 1465 1337 1512 con-

276 1558 403 1623 iunctae
425 1567 509 1623 sunt.

363 1670 424 1735 Sed
448 1671 554 1734 varias
570 1669 698 1748 formas,
722 1689 802 1751 quae
818 1689 918 1735 novae
933 1671 1059 1735 tunicae
1074 1676 1158 1748 sunt,
1181 1672 1337 1750 quomodo

276 1780 459 1862 intellegis?
503 1781 681 1862 Numquam
705 1783 819 1845 iterum
854 1783 1000 1862 abicitur,
1035 1788 1071 1846 ut
1101 1783 1250 1860 virorum,
1280 1782 1337 1846 sed

276 1911 334 1971 per
356 1893 461 1956 omnia
484 1900 628 1973 tempora
652 1894 738 1974 apud
754 1892 892 1958 Graecos
915 1901 947 1958 et
969 1893 1127 1958 Romanos
1151 1912 1246 1975 saepe
1269 1913 1338 1958 mu-

278 2010 349 2068 tata
370 2011 522 2070 remanet.
554 2006 668 2085 Itaque
690 2004 753 2068 alio
776 2005 900 2070 saeculo
924 2005 1069 2069 adalind
1085 2006 1337 2086 cognoscendum

276 2116 324 2180 uti
346 2115 430 2179 licet.
475 2117 557 2180 Tota
579 2123 685 2181 autem
708 2118 863 2196 quaestio,
887 2125 1039 2197 quantum
1063 2118 1191 2199 quidem
1214 2124 1337 2198 spectet

278 2229 319 2291 ad
341 2226 499 2292 saeculum
524 2233 656 2306 sextum,
681 2229 818 2292 vertitur
840 2229 872 2291 in
896 2228 955 2293 bac
978 2246 1027 2292 re:
1061 2231 1217 2309 quomodo
1239 2248 1336 2310 rugae

277 2337 450 2402 undulatae
472 2338 538 2402 sint
559 2339 774 2420 explicandae.

361 2449 555 2514 Loeschlrius
586 2450 716 2529 (Athea.
749 2449 880 2516 Matreu.
913 2455 1002 2531 1879,
1029 2474 1064 2533 p.
1087 2455 1157 2531 48),
1198 2451 1335 2534 Langius

278 2561 389 2640 (Arcb.
412 2559 492 2624 Zeit.
516 2565 600 2639 1882,
618 2583 654 2642 p.
671 2563 731 2643 27),
754 2562 908 2642 multique
932 2563 987 2626 alii
1010 2570 1128 2628 vestem
1153 2564 1226 2629 illas
1242 2581 1338 2646 rugus

278 2671 481 2753 praebentem
510 2691 527 2736 e
558 2671 633 2736 lana
660 2673 846 2738 mollissima
869 2673 985 2740 factam
1009 2677 1210 2758 existiment,
1244 2677 1340 2740 Stud-

279 2784 391 2848 niczka
413 2783 542 2863 (Athea.
559 2785 691 2850 Mittetl.
715 2791 799 2865 1888,
817 2809 852 2868 p.
870 2793 951 2867 354;
973 2787 1077 2853 Beitr.
1088 2809 1123 2869 p.
1140 2788 1192 2866 84)
1215 2805 1341 2865 semper

277 2895 407 2959 linteam
429 2903 540 2976 putat:
569 2892 781 2981 „ococaco‘g‘t
811 2899 923 2980 inquit,
949 2900 1012 2980 „ist
1116 2895 1172 2960 aul
1192 2897 1261 2959 eine
1284 2895 1338 2957 be-

278 3009 410 3071 sonders
433 3009 542 3071 starke
564 3008 695 3072 Torsion
720 3008 777 3073 des
799 3009 925 3074 Fadens
948 3029 986 3072 zu
1010 3008 1169 3082 beziehen,
1193 3006 1244 3070 die
1267 3005 1337 3068 eine

214 3199 216 3204 Ι
280 3117 400 3200 wellige
418 3119 618 3200 llrduselung
640 3121 696 3183 des
713 3117 829 3182 Stoffes
852 3138 909 3182 zur
924 3119 1020 3198 Folge
1044 3117 1108 3182 hat.
1145 3116 1235 3179 Auch
1251 3116 1339 3180 diese

279 3231 402 3294 werden
435 3231 491 3292 wir
522 3229 553 3292 in
585 3229 642 3293 der
664 3229 825 3292 ionischen
851 3227 1082 3292 Linnentracht
1103 3234 1249 3306 sputorer
1271 3227 1340 3291 Zeit

281 3337 532 3404 wiederfinden.“
566 3338 720 3403 Similiter
742 3338 911 3403 Holwerda
934 3337 1115 3417 (Jubrbaclu
1130 3342 1218 3417 1888,
1234 3338 1297 3418 IV,
1314 3345 1339 3417 1,

276 3473 311 3532 p.
335 3453 399 3533 39).
454 3449 595 3514 Boehlau
612 3441 847 3514 ‘chitoniseum'
875 3449 931 3531 (of.
952 3451 1003 3533 pp.
1028 3454 1074 3528 12,
1091 3472 1127 3531 p.
1151 3455 1216 3529 35),
1247 3470 1339 3532 quem

280 3563 438 3627 inuenisse
454 3561 515 3625 sibi
531 3561 667 3639 videtur,
686 3578 783 3641 rugas
800 3560 972 3625 undulatos
988 3561 1188 3627 exhibentem
1204 3561 1339 3641 laneum,

371 3801 420 3878 14)
443 3803 479 3860 ef.
501 3808 691 3861 monumenta
713 3809 743 3861 et
759 3804 829 3862 Eur.
846 3805 919 3862 Hec.
936 3810 1015 3862 934:
1038 3798 1225 3878 μονόπεπλος
1241 3801 1341 3880 Δωρὶς

283 3894 323 3970 ὥς
348 3898 439 3980 κόρα;
469 3905 535 3964 Iuv.
565 3904 622 3975 ΙΙΙ,
647 3909 686 3964 95
717 3907 874 3964 comoedus
905 3906 968 3982 agit
997 3928 1120 3966 uxorem
1150 3909 1200 3966 vel
1231 3908 1342 3966 Dorida

283 4007 364 4064 nullo
387 4007 507 4084 palliolo
532 4007 648 4069 cultum.
