3120 4784
687 451 896 518 „51-

262 623 393 688 humero
410 625 537 706 gestare
553 622 731 689 confitetur.
775 622 853 689 Cum
876 624 976 705 igitur
991 623 1132 689 chitonia
1146 625 1203 689 illa
1218 630 1323 692 restes

262 734 381 801 ionicae
411 733 524 799 linteas
554 735 791 815 manicatasque
821 734 920 802 fuisse
952 735 1123 802 verisimile
1152 736 1212 820 sit,
1243 735 1322 803 illud

209 859 213 866 ·
261 848 404 927 ineptum
419 844 542 928 fuisset,
564 845 592 911 si
607 863 668 911 non
683 845 849 912 humerum
866 852 898 912 et
924 845 1104 912 bracchium
1120 847 1322 914 detexissent.

344 976 450 1042 Etiam
473 973 598 1041 Thesm.
622 992 650 1040 v,
673 975 737 1040 214
759 975 957 1042 adiuvamur.
1002 974 1215 1040 Mnesilochus
1237 976 1320 1040 enim

260 1089 480 1154 vestimentum
512 1104 603 1152 sunm
639 1105 710 1152 cum
746 1085 892 1152 muliebri
920 1085 1097 1169 agathonis
1127 1091 1320 1164 commutare

260 1201 362 1266 debet.
406 1199 578 1281 Euripides
610 1203 718 1263 autem
749 1216 821 1261 eum
853 1216 913 1262 non
936 1198 1116 1279 complures
1138 1203 1242 1265 vestes
1264 1200 1319 1265 de-

258 1332 372 1394 ponere
401 1311 500 1392 iubet‚
530 1311 587 1382 sed
618 1311 714 1375 dicit:
756 1301 906 1372 ἀπόδυθι
920 1311 971 1388 ⁸⁵)
1009 1305 1099 1374 τουτὶ
1129 1305 1318 1394 θοίμάτιον.

259 1427 306 1489 lin
327 1425 373 1491 eis
396 1431 502 1489 autem
532 1440 615 1503 quae
636 1423 823 1500 sequuntur,
856 1418 1083 1486 Mnesilochum
1106 1422 1225 1502 nudum
1248 1441 1318 1488 esse

257 1539 400 1620 apparet.
454 1533 564 1614 Neque
597 1530 679 1595 enirn
707 1550 849 1613 unquam
892 1532 932 1596 de
964 1533 1073 1598 tunica
1105 1533 1235 1600 verbum
1270 1532 1317 1615 fit,

254 1665 446 1729 quamquam
468 1645 500 1708 in
523 1642 663 1709 crinibus
694 1642 870 1709 cremandis
893 1642 1032 1710 tollenda
1054 1649 1142 1726 orat,
1171 1664 1211 1710 ne
1233 1663 1316 1711 com·

254 1760 429 1825 bureretur.
489 1755 657 1820 Praeterea
687 1774 757 1820 eam
786 1773 847 1819 non
886 1755 1047 1822 muliebris
1082 1757 1218 1823 vestitus
1248 1775 1316 1823 esse

254 1888 352 1951 supra
375 1866 520 1933 vidimus.

340 1981 453 2059 Itaque
483 1980 569 2061 apud
592 1978 836 2060 Aristophanem
867 1977 974 2042 tunica
1002 1978 1107 2044 brevis
1137 1979 1195 2044 sub
1218 1979 1315 2061 pallio

255 2090 387 2155 inveniri
404 2107 462 2154 non
478 2089 674 2174 videturii).
698 2089 896 2171 Quamquam
912 2089 1041 2159 concedi
1057 2095 1165 2170 potest
1178 2090 1315 2156 fortasse

254 2201 422 2267 asenibus
452 2221 521 2268 eam
552 2219 613 2267 non
643 2200 740 2267 luisse
768 2205 981 2284 contemptam
1010 2201 1066 2290 (cs.
1097 2202 1208 2284 Equit.
1240 2208 1315 2282 881,-

254 2313 336 2378 Xea.
365 2311 532 2380 Commeat.
554 2313 584 2393 I,
608 2319 636 2392 6,
660 2313 703 2398 2).
748 2312 849 2379 Valde
872 2311 1042 2378 dolendum
1065 2320 1122 2394 est,
1145 2315 1229 2398 quod
1246 2319 1312 2380 tam

249 2425 341 2505 pauci
363 2432 437 2490 sunt
460 2425 529 2508 loci,
552 2425 721 2508 exquibus
744 2427 784 2490 de
799 2425 918 2492 vestitu
941 2425 1059 2491 saeculi
1082 2425 1185 2508 quinti
1205 2425 1312 2508 aliqua

247 2555 370 2602 sumere
392 2537 622 2620 possimus³⁷).
667 2537 779 2602 Plures
811 2555 885 2602 vero
909 2541 984 2603 sunt
1014 2539 1203 2618 scriptorum
1226 2541 1311 2622 quod

247 2648 392 2729 sequitur
414 2648 541 2715 saeculi.
588 2651 657 2728 Quo
687 2667 790 2715 mores
814 2649 929 2715 mutati
952 2654 1037 2732 sunt,
1068 2649 1203 2716 fortasse
1225 2653 1311 2734 quod

246 2759 455 2826 Athenienses
489 2758 545 2825 illa
576 2764 683 2826 aetate
713 2778 783 2826 cum
814 2760 920 2826 Persis
951 2761 1053 2844 magis
1091 2760 1310 2844 versabantur,

246 2888 339 2950 quam
363 2877 468 2936 antea.
513 2872 658 2938 Socrates
681 2873 809 2955 quidem
832 2873 932 2954 (Ptol.
954 2873 1024 2939 Alc.
1042 2895 1078 2956 p.
1101 2878 1160 2934 122
1170 2874 1200 2956 c)
1222 2873 1308 2940 illam

247 2975 388 3065 ἱματίων
419 2979 508 3065 ἕλξιν
538 3002 614 3050 suae
646 2987 691 3064 (et
721 2985 918 3066 posterioris)
931 2972 996 3064 38)
1019 2985 1138 3050 aetatis
1167 2979 1309 3070 ἆβρότης

247 3091 314 3155 τῶν
336 3097 475 3180 Περσῶν
501 3096 643 3178 appellat
666 3095 720 3179 (cs.
743 3098 839 3162 ettam
867 3095 954 3162 Ptol.
984 3095 1055 3162 Alc.
1080 3095 1121 3180 1).
1174 3097 1306 3162 Brevem

330 3270 383 3346 35)
408 3260 558 3328 ἄποδῦναι
575 3290 633 3328 non
650 3272 747 3330 solum
763 3271 799 3328 ad
816 3276 915 3330 vastos
932 3269 1059 3343 indutas,
1083 3271 1135 3329 sad
1158 3271 1247 3330 otiam
1270 3273 1307 3330 ad

247 3371 449 3431 circumiectas
472 3374 577 3432 referri
601 3394 697 3452 posse,
720 3395 736 3432 e
759 3373 867 3451 Lysiae
890 3391 919 3450 p.
946 3375 1014 3445 117,
1040 3379 1057 3430 6
1082 3373 1225 3452 sequitur.

332 3476 385 3554 36)
409 3479 484 3536 Rau.
503 3475 582 3535 1067
607 3477 684 3535 nihil
706 3475 764 3535 nisi
788 3475 932 3536 divitibus
948 3495 1075 3536 crassam
1091 3475 1221 3536 tunicam
1241 3497 1305 3536 osse

245 3575 326 3636 dicit.

330 3680 385 3756 37)
406 3682 483 3740 Nem
511 3683 550 3741 sit
578 3689 644 3743 acta
674 3683 897 3743 Ecclesiazusso
928 3681 1030 3740 fabula
1059 3685 1120 3738 392
1151 3686 1203 3740 aut
1233 3687 1304 3758 389,

244 3785 342 3840 tomen
375 3805 472 3844 mores
502 3786 634 3845 omnium
665 3786 875 3862 Aristophanis
903 3784 1070 3844 fabularum
1100 3784 1137 3842 ad
1167 3785 1303 3861 quintum

242 3885 390 3944 saeculum
413 3887 553 3949 videntur
575 3896 718 3966 spectare.

328 3987 381 4065 33)
403 3993 479 4050 Nam
509 3994 599 4052 etiam
628 3995 791 4055 Aeschines
821 3986 982 4068 θοίμάτιον
1012 3983 1118 4056 καθεὶς
1148 3980 1213 4066 hippo
1244 3993 1302 4050 τῶν

240 4091 366 4169 σφυρῶν
388 4112 442 4169 par
463 4095 559 4154 forum
583 4095 807 4170 ingrediebatur
829 4099 929 4174 (Dem.
952 4098 1039 4168 XIX,
1063 4112 1094 4168 p.
1112 4090 1190 4168 442),
1219 4095 1301 4153 idern

1055 4215 1095 4276 4⁹1·
