3120 4784
639 380 767 450 -25
814 423 850 429 „.

217 574 326 622 sumus
359 554 555 637 (Bumodus,
579 555 598 621 l.
622 555 640 620 l.
665 561 703 621 lu.
728 562 772 635 14,
794 560 847 636 25,
871 561 931 637 33,·
962 557 1119 636 Boebluu,
1140 559 1192 642 sup.
1215 558 1280 639 31),
1305 559 1306 562 ’

216 667 404 733 concludere
426 686 488 731 non
510 666 586 733 licet
609 667 641 732 in
656 668 857 734 universum:
881 688 1007 752 semper
1023 670 1105 736 tales
1121 670 1279 735 tuniculas

214 779 315 844 luisse
337 783 481 861 gestatas
494 779 554 859 16).
600 781 707 857 Quare
736 800 777 845 nc
806 781 993 846 vesticulam
1023 783 1151 864 quidem
1180 781 1279 862 illam,

216 911 298 974 quae
327 895 393 955 trun
424 909 521 972 saepe
551 909 622 956 curn
645 893 753 956 tunica
774 892 902 956 sinuata
924 893 1137 975 coniungitur,
1163 912 1222 974 per
1244 912 1280 959 se

216 1010 303 1069 sture
325 1004 520 1084 persuadere
541 1001 619 1067 mibi
641 1021 782 1084 possum.
823 1002 918 1069 Esset
939 1004 1057 1069 iterum
1079 1003 1280 1086 ineptissime

216 1115 332 1181 vestis:
363 1119 430 1179 turn
452 1133 553 1194 parve
580 1119 613 1179 et
634 1113 686 1178 vix
718 1115 759 1178 ad
782 1132 898 1195 corpus
920 1115 1124 1181 muniendum
1148 1121 1225 1197 apta
1248 1122 1281 1182 et

217 1263 258 1270 —
281 1225 444 1308 quaternis
467 1225 516 1291 vel
539 1226 683 1307 pluribus
709 1224 816 1291 fibulis
838 1227 870 1292 in
894 1233 1028 1308 utroque
1051 1227 1183 1292 humero
1207 1245 1280 1291 con-

216 1340 313 1404 nexa!
337 1338 434 1403 Haud
449 1339 553 1403 minus
568 1339 687 1420 inepto,
711 1357 804 1421 quam
828 1339 983 1404 vesticula
998 1339 1168 1420 simillima,
1185 1359 1280 1421 quarn

217 1451 248 1515 in
271 1451 380 1515 dorico
402 1451 496 1531 peplo
519 1451 647 1533 quidem
670 1450 805 1515 inveniri
826 1455 951 1532 putant.
994 1452 1199 1533 Apoptygme
1221 1456 1279 1517 est.

217 1563 290 1628 Una
311 1563 411 1645 igitur
425 1567 496 1627 tota
510 1563 609 1627 vestis
625 1570 689 1628 est:
713 1563 808 1644 longa
823 1563 931 1627 tunice
952 1562 1051 1627 lintea
1074 1567 1108 1627 et
1122 1568 1281 1645 upoptyg-

219 1680 304 1764 mate
328 1675 461 1757 sinuque
483 1692 571 1739 more
592 1676 701 1740 dorico
724 1679 820 1739 aucta
843 1682 875 1739 ct
897 1673 1030 1738 manicis
1053 1673 1221 1739 instructo.

305 1786 384 1852 Inde
408 1787 551 1867 seqnitur
574 1786 671 1852 etiem
693 1805 747 1851 eas
767 1792 883 1865 vestes,
906 1787 939 1850 in
956 1785 1070 1867 quibus
1086 1790 1281 1867 upoptygma

217 1901 309 1964 deest
339 1897 510 1978 (Boebicio,
539 1898 591 1981 fip.
615 1902 663 1976 12,
691 1897 754 1979 13),
785 1898 880 1963 aliter
911 1897 1115 1979 explicandas
1144 1915 1215 1962 csse
1244 1915 1282 1962 ec

218 2009 360 2074 Boehlau
375 2008 486 2074 voluit.
528 2009 564 2073 In
580 2007 632 2091 fig.
647 2009 687 2073 12
702 2008 863 2090 (similiter
879 2007 1134 2093 Furtuucupler,
1151 2007 1281 2074 Summi.

220 2099 443 2201 Sobouroffil,
460 2126 560 2199 54,1,·
582 2120 697 2186 mulier
713 2125 791 2203 post
804 2121 1005 2187 Mercurium
1029 2127 1120 2188 stuus
1142 2123 1177 2186 lu
1199 2143 1281 2187 uuu-

218 2233 332 2316 plpplro
343 2232 558 2315 nympharum
570 2230 696 2297 Ouerb.³
706 2233 759 2316 rip.
769 2236 811 2292 35
818 2263 861 2284 =
869 2231 1159 2300 Brumu-Brurlrm.
1172 2253 1222 2298 uo.
1231 2235 1283 2315 61)

218 2346 321 2428 primo
346 2351 480 2426 aspectu
510 2345 728 2427 unusquisque
745 2336 985 2410 ‘chitoniscum'
1010 2345 1088 2411 nihil
1111 2346 1199 2410 aliud
1221 2346 1285 2410 nisi

219 2459 416 2539 superiorem
448 2463 571 2539 partem
604 2457 732 2522 tunicae
761 2459 908 2522 sinuatae
931 2475 1002 2522 esse
1025 2457 1190 2537 fateretur,
1223 2457 1284 2521 nisi

218 2569 353 2634 lineolae
375 2568 549 2634 undulatae
571 2573 687 2635 essent.
732 2568 854 2644 Quibus
877 2569 1040 2633 tenuiores
1063 2573 1096 2633 ct
1117 2568 1282 2633 densiores

219 2699 317 2762 rugus
333 2680 504 2763 significari
526 2699 597 2746 cum
617 2681 854 2760 contererimus,
877 2680 955 2745 nihil
978 2680 1095 2757 obstat,
1115 2679 1283 2761 quominus

221 2790 318 2857 ctiam
328 2791 408 2857 hanc
423 2797 545 2857 vestem
556 2811 652 2857 unam
668 2810 738 2856 esse
753 2792 981 2857 existimemus.
1004 2791 1048 2857 Et
1063 2810 1097 2856 re
1113 2808 1189 2854 vere
1203 2789 1284 2853 mira

222 2906 308 2968 esset
337 2903 436 2968 vestis
468 2904 610 2969 tunicula
640 2904 724 2968 circa
754 2908 858 2967 totum
885 2901 953 2968 fere
976 2919 1091 2983 corpus
1113 2903 1155 2966 od
1177 2903 1283 2982 ipsum

221 3015 381 3096 cingulum
411 3015 563 3095 tendcnS,
595 3016 628 3079 in
658 3014 818 3078 anteriore
849 3019 955 3078 autem
985 3019 1079 3095 parte
1109 3014 1151 3077 ad
1179 3013 1284 3078 medin

221 3126 287 3192 fere
310 3145 414 3206 crura,
436 3127 484 3191 ita
506 3132 543 3191 ut
564 3125 704 3190 rotunda
725 3125 811 3190 linea
833 3125 964 3190 oriatur.
995 3125 1168 3190 Praeterea
1190 3125 1217 3188 si
1234 3130 1284 3190 est

221 3239 423 3319 chitoniscus,
445 3237 499 3302 ubi
521 3238 607 3303 lines
630 3244 681 3304 cst
703 3238 734 3302 in
755 3238 1045 3320 tergestinum,
1068 3256 1132 3319 quc
1148 3237 1282 3301 circum-

221 3350 393 3415 scribitur?
436 3349 542 3415 Deest
576 3351 716 3428 Accedit,
740 3351 826 3432 quod
848 3348 946 3415 rectis
967 3348 1072 3429 lineis,
1095 3368 1177 3430 quae
1199 3349 1283 3413 inter

222 3481 315 3527 crure
338 3466 521 3541 cernuntur,
551 3466 585 3526 et
615 3462 758 3541 margine
787 3461 938 3526 inferiore
965 3460 1063 3525 vestis
1092 3460 1210 3525 ibidem
1233 3466 1282 3524 at-

221 3577 324 3639 tracto
347 3574 527 3639 ostenditur
549 3575 654 3638 sinum
676 3592 747 3638 esse
771 3571 927 3639 effectum.
956 3568 1019 3636 Sed
1041 3571 1095 3635 ubi
1110 3576 1170 3651 est,
1194 3570 1221 3634 si
1243 3570 1282 3650 is,

222 3705 314 3767 quem
345 3686 506 3764 videmuS‚
542 3703 617 3765 pars
648 3685 814 3750 chitonisci
854 3682 1065 3749 existimando
1095 3683 1168 3746 est?
1211 3679 1283 3745 Non

222 3816 323 3878 aeque
353 3796 493 3861 dilucida
522 3814 573 3860 res
607 3802 657 3860 est
687 3796 720 3860 in
748 3794 851 3878 figure
876 3794 924 3875 13,
955 3798 1096 3858 attamen
1125 3811 1187 3857 non
1210 3792 1282 3858 alis.

223 3933 433 3944 -.---

310 4020 362 4098 16)
385 4020 429 4078 De
452 4019 696 4095 inscriptionibus
719 4019 859 4097 (boellus
879 4039 913 4096 p.
939 4021 980 4076 20
1001 4017 1079 4097 sqq.)
1101 4017 1148 4077 inf
1181 4062 1186 4075 .
