3120 4784
741 1653 799 1718 III.

466 1806 518 1872 lle
540 1805 656 1873 lintea
677 1806 803 1874 tnniea
824 1804 1073 1889 mallentin).

324 1995 416 2061 (lima
431 2014 546 2061 annum
559 1995 623 2061 570
638 1996 734 2060 etiam
747 2015 766 2060 a
777 1995 963 2061 mulieribus
974 1993 1223 2060 Atheniensibus
1236 1994 1297 2058 lin-

238 2119 319 2171 team
332 2107 470 2171 tunicam
483 2107 669 2198 adoptatam
682 2125 752 2171 esse
764 2126 800 2170 ex
811 2106 964 2170 Herodoti
976 2105 1050 2171 libri
1059 2107 1088 2172 V
1097 2125 1166 2188 cap.
1177 2106 1220 2171 80
1230 2125 1299 2188 sqq.

238 2218 443 2300 sequiturlss)
466 2216 595 2298 (Stude.
613 2239 648 2300 p.
672 2224 688 2275 1
710 2239 797 2300 sqq.;
820 2217 968 2282 Boeltlnn
984 2239 1019 2299 p.
1042 2222 1085 2277 25
1108 2218 1188 2300 sqq).
1212 2218 1297 2294 Qua·

238 2347 306 2393 cnm
329 2348 365 2393 re
388 2330 543 2411 congruit,
565 2329 650 2409 quod
674 2328 768 2393 Solen
791 2329 939 2394 mulieres
962 2329 1036 2410 plns
1059 2334 1126 2394 tres
1144 2335 1250 2394 vestes
1266 2330 1297 2392 in

235 2441 288 2505 via
315 2448 443 2522 gestare
474 2441 576 2505 vetuit
613 2440 715 2521 (Plnl.
741 2440 803 2505 Sol.
829 2461 855 2504 e.
877 2445 923 2520 21,
947 2441 991 2522 ὁ).
1044 2441 1185 2505 Luxuria
1216 2440 1297 2504 enim

235 2553 370 2617 vestitus
393 2549 608 2630 significatum
640 2558 778 2632 quatuor
808 2559 912 2618 vestes
943 2552 991 2616 vel
1024 2552 1096 2634 plus
1127 2551 1298 2633 aliquando

234 2670 382 2746 gestatae
404 2671 504 2728 erant.
543 2663 635 2739 Quod
658 2663 733 2726 dum
756 2662 850 2745 peplo
875 2662 1054 2742 utebantur,
1078 2664 1130 2728 vix
1152 2659 1222 2727 fieri
1241 2681 1297 2744 po-

236 2777 307 2839 tuit.
352 2774 516 2840 Boehlauo
549 2783 654 2839 autem
679 2782 790 2839 eontra
814 2773 1041 2840 Studniczkam
1065 2775 1223 2839 assentior
1245 2792 1317 2868 en-¹

235 2887 427 2968 peditienem
451 2885 660 2966 aegineticam
685 2895 717 2950 et
740 2885 947 2950 mutationem
971 2887 1106 2950 vestium
1130 2886 1170 2951 ab
1191 2885 1297 2966 aliquo
1356 2938 1358 2943 ,

230 2989 443 3079 ‘aetiologiee'
468 3015 538 3062 esse
563 2997 713 3062 iunctam.
750 2997 944 3061 Studniezka
966 2997 1049 3061 enim
1064 3006 1197 3078 propter
1211 3016 1297 3063 mae·

236 3129 336 3174 nerem
361 3129 381 3173 a
404 3109 647 3190 magistratibus
671 3109 817 3172 mulieres
840 3107 1019 3189 splendidis
1041 3108 1148 3173 fibulis
1173 3109 1220 3172 uti
1244 3129 1296 3174 ve·

236 3209 314 3286 titas
337 3240 406 3286 esse
430 3228 532 3301 putat.
566 3221 610 3284 At
631 3223 769 3302 primum
792 3239 812 3284 a
834 3219 1021 3285 mulieribus
1043 3220 1202 3301 pretiosas
1217 3219 1297 3285 fibu-

235 3332 283 3398 las
315 3333 399 3397 tanti
430 3333 617 3397 aestimatae
645 3351 716 3398 esse
745 3331 859 3395 mirum
883 3337 942 3410 est,
974 3337 1010 3397 ut
1032 3351 1114 3396 nova
1136 3340 1225 3398 veste
1247 3333 1296 3398 uti

236 3461 331 3524 quam
364 3461 480 3509 aeneas
508 3441 624 3508 fibulas
653 3451 782 3526 gestare
803 3444 942 3509 mallent.
987 3441 1068 3508 Nem
1092 3445 1208 3525 invia,
1234 3462 1298 3525 qna

326 3650 375 3725 12)
400 3651 491 3708 Valde
514 3652 617 3724 dole0,'
639 3651 716 3728 quod
741 3651 936 3710 Studniezkae
960 3651 1237 3710 commentationem
1261 3653 1296 3710 de

237 3753 373 3809 Minerva
396 3753 575 3829 Pompeiana
606 3753 734 3828 (Mtteeit
766 3753 794 3808 d.
826 3753 906 3810 arch.
930 3753 1002 3811 lust.
1029 3773 1066 3809 ιιι
1090 3755 1168 3820 Hom,
1203 3756 1292 3824 1888,

232 3873 263 3929 p.
286 3854 357 3926 277)
379 3853 472 3912 serius
493 3856 605 3926 inveni,
629 3873 716 3934 quam
738 3863 771 3913 ut
794 3873 828 3910 ea
850 3855 894 3913 uti
917 3874 1042 3931 possem.

324 3956 376 4032 13)
400 3956 480 4013 idem
507 3958 593 4016 Duris
616 3969 734 4014 enarrat
767 3956 876 4032 (Sobel.
903 3959 974 4015 Enr.
1002 3959 1071 4015 Hee.
1096 3956 1171 4033 934)
1201 3959 1296 4016 Hero·

236 4060 338 4118 dotum
360 4057 501 4120 imitatus.

1052 4165 1092 4231 2*-
