3120 4784
667 344 879 411 -p4..

246 523 317 582 rato
339 515 485 598 (Ephoro.
502 520 592 596 1886,
611 539 678 580 πιν.
694 520 714 574 9
736 547 779 568 =
801 516 1148 581 Brona-Brachmanae
1169 537 1220 581 oo.
1236 517 1308 598 17a)

248 629 409 694 Minervae
432 629 678 711 appropinquat.
702 629 828 694 Vestita
851 636 901 694 est
922 629 1017 710 longa
1031 629 1142 695 tunica
1163 637 1196 695 θῖ
1211 630 1309 711 pallio

246 760 266 805 a
287 746 378 822 tergo
402 759 500 822 supra
522 740 631 806 ambos
653 742 800 806 humeros
818 742 911 820 iacto,
934 747 971 805 ut
993 746 1043 805 est
1062 759 1130 804 mos
1146 743 1309 822 antiquus,

247 871 340 934 quem
377 853 410 915 in
442 857 509 917 toto
546 871 622 918 vase
649 853 875 931 Franooisiano
906 853 1092 933 reperimus.
1145 853 1181 917 In
1212 853 1310 918 medii

247 969 355 1029 autem
385 965 529 1044 corporis
560 965 666 1028 antica
695 969 788 1044 parte
814 963 992 1044 complures
1014 962 1116 1028 lineas
1138 963 1309 1027 undulatos

248 1096 267 1139 a
289 1076 375 1139 coxis
398 1072 465 1140 fere
488 1094 588 1156 usque
610 1076 652 1139 ad
667 1093 772 1156 genua
786 1072 961 1141 defluentes
979 1075 1222 1140 animadvertes.
1250 1075 1310 1140 Est

248 1185 327 1250 nihil
356 1185 444 1250 aliud
473 1186 535 1251 nisi
564 1185 720 1251 Bochlaui
751 1187 960 1265 chitoniscus,
1000 1206 1092 1267 quem
1126 1187 1247 1268 reperis
1277 1188 1309 1274 in

248 1296 351 1378 figura
380 1298 448 1362 eius
481 1298 530 1360 14.
582 1296 689 1362 Primo
721 1304 828 1363 autem
857 1297 971 1362 obtutu
1001 1299 1217 1381 unusquisque
1247 1317 1309 1361 non

249 1415 369 1474 vestem
392 1409 595 1490 singularem,
618 1411 676 1474 sed
698 1403 824 1473 κόλπον
847 1428 928 1490 esse,
952 1428 971 1473 a
991 1411 1100 1475 tunica
1116 1408 1310 1490 deplicatum

249 1518 459 1585 confitebitur.
504 1521 668 1597 Quomodo
698 1523 781 1586 enim
810 1521 954 1586 Boehlau
983 1519 1166 1587 inferiorem
1195 1521 1310 1585 lineam

248 1633 427 1713 rotundam,
450 1651 545 1715 quam
568 1633 600 1697 in
623 1632 675 1715 fig.
700 1632 740 1696 14
763 1634 950 1715 reperimus,
973 1632 1136 1714 explicat?
1180 1633 1241 1709 Qui
1262 1630 1310 1713 fit,

249 1749 287 1808 ut
303 1735 531 1809 ‘chitoniscus’
556 1744 610 1810 ille
633 1751 697 1810 tam
721 1745 814 1824 longe
838 1765 857 1808 a
878 1745 988 1810 tunica
1011 1743 1135 1809 distet?
1180 1743 1214 1808 Si
1236 1744 1311 1808 sim-

249 1855 322 1937 plex
345 1856 444 1921 vestis
467 1860 533 1936 est,
562 1876 642 1938 quae
665 1857 828 1937 induitur,
861 1857 903 1921 ad
925 1856 1064 1921 tunicam
1094 1873 1128 1921 sc
1151 1856 1312 1936 applicare

250 1987 320 2033 eam
353 1985 483 2032 neccsse
510 1974 569 2032 est.
616 1966 679 2034 Sed
709 1969 877 2032 redeamus
907 1969 948 2032 ad
978 1967 1192 2049 anaglyphum
1222 1965 1310 2031 illud.

250 2080 414 2156 Quomodo
437 2078 585 2160 explices,
616 2079 701 2161 quod
729 2078 832 2144 lineae
854 2079 1027 2144 undulatos
1051 2098 1070 2142 a
1093 2081 1179 2144 coxis
1200 2079 1312 2161 incipi-

250 2197 342 2257 entes
364 2210 426 2254 non
448 2191 550 2255 lineas
574 2191 725 2272 corporis,
748 2198 784 2254 ut
805 2190 949 2273 reliquae
972 2191 1109 2256 vestium
1127 2191 1240 2271 plicae,
1263 2209 1312 2255 sc·

252 2306 402 2382 quuntur,
426 2303 483 2366 scd
504 2303 634 2383 paulum
666 2322 685 2366 a
708 2321 841 2382 corpore
865 2301 1098 2383 digrediuntur,
1121 2303 1194 2368 dein
1217 2320 1314 2381 supra

251 2432 356 2495 genua
377 2413 444 2478 fere
466 2413 641 2478 recedunt?
664 2411 781 2478 Confer
805 2414 901 2478 etiam
924 2412 1103 2494 Euphronii
1126 2412 1254 2496 figuras,
1278 2418 1314 2476 ut

252 2532 402 2606 scortum,
435 2544 516 2606 quae
548 2544 660 2589 zonam
693 2524 751 2590 sub
782 2525 956 2591 chitonisco
986 2525 1041 2590 illo
1064 2525 1160 2591 solvit
1189 2524 1315 2607 (Klein,

252 2636 378 2719 Eupho
401 2637 516 2718 1298)
548 2644 580 2702 θῖ
610 2642 741 2718 paterae
773 2636 971 2719 Eurysthcae
1002 2637 1054 2717 (io.
1075 2659 1109 2718 p.
1133 2639 1186 2719 89)
1219 2636 1316 2702 Galli-

253 2748 407 2831 phoeben.
453 2747 550 2814 Curius
580 2749 612 2812 in
642 2756 732 2831 tergo
749 2740 977 2814 ‘chitoniscus'
1004 2767 1059 2813 cur
1081 2757 1146 2814 tam
1171 2749 1316 2814 sinuatus

254 2867 313 2942 est,
337 2880 393 2926 cur
415 2866 482 2926 tam
503 2861 596 2942 longe
619 2881 639 2925 a
662 2879 793 2941 corpore
815 2860 939 2926 distat?
981 2861 1041 2925 Est
1064 2854 1197 2934 κόλπος.
1228 2857 1316 2922 Nihil

254 2961 342 3037 aliud
365 2993 436 3039 esse
458 2978 575 3054 potest
621 2973 761 3038 Lineolis
784 2978 891 3038 autem
914 2971 1077 3036 undulatis
1100 2967 1215 3033 artifex
1238 2984 1315 3030 usus

254 3091 314 3165 est,
343 3092 379 3149 ut
410 3085 507 3150 etiam
539 3084 591 3149 hic
622 3085 811 3150 tenuitatem
841 3091 873 3148 et
895 3082 1140 3147 cumulationem
1161 3079 1316 3160 plicarum

254 3197 444 3260 imitaretur.
490 3196 604 3278 Itaque
634 3200 740 3260 vestes
763 3213 871 3259 omnes
894 3192 1095 3269 Maenadum,
1118 3209 1196 3272 quas
1218 3190 1316 3253 Hiero

254 3307 358 3389 pinxit
380 3306 553 3386 (Baetica,
574 3309 626 3388 fip.
650 3311 693 3382 14,
718 3306 771 3385 16)
795 3310 828 3368 θῖ
851 3305 984 3367 aliarum
1006 3301 1172 3366 mulierum
1195 3302 1262 3385 (sip.
1278 3306 1316 3360 16·

255 3423 348 3496 -18,
382 3417 437 3499 20)
468 3418 578 3483 codem
609 3417 702 3480 modo
740 3415 946 3496 explicandae
976 3420 1066 3478 sunt:
1106 3414 1191 3478 circa
1222 3431 1317 3478 coxas

255 3531 377 3595 cinctae
400 3533 484 3608 sunt,
507 3528 580 3594 dein
603 3547 700 3608 super
723 3526 882 3608 singulum
905 3543 1038 3606 magnus
1054 3527 1143 3590 sinus
1158 3543 1257 3607 usque
1275 3525 1317 3588 ad

255 3660 361 3722 genua
383 3641 525 3704 deiectus
548 3645 606 3704 est.
645 3639 734 3715 Quae
758 3638 916 3703 sententia
939 3638 1043 3714 etiam,
1059 3657 1095 3703 eo
1118 3637 1178 3702 niti
1199 3642 1318 3718 potest,

257 3752 341 3836 quod
373 3769 533 3833 nunquam
561 3748 628 3816 fere
658 3749 808 3814 mulieres
833 3749 1043 3814 Athenienses
1073 3768 1171 3831 supra
1192 3749 1317 3814 tunicas

255 3866 368 3946 longas
390 3863 551 3928 breviores
574 3862 732 3927 tuniculas
754 3865 968 3943 gestaverunt.
998 3860 1080 3926 Nam
1096 3880 1134 3926 ex
1150 3860 1317 3943 perpaucis

257 3975 419 4058 exemplis,
449 3993 529 4058 quae
558 3981 674 4056 quarto
706 3974 832 4039 saeculo
855 3993 893 4038 ex
915 3972 1051 4056 lecythis
1074 3974 1222 4055 colligere
1244 3991 1318 4054 pos-
