3120 4784
731 499 942 567 „50-

296 696 331 757 p.
344 677 422 753 583)
444 691 506 739 non
522 663 660 754 seripsit,
684 678 719 737 ut
730 672 1078 748 Hermann-Biuemner
1090 671 1137 753 (p.
1149 675 1217 751 175,
1240 671 1314 736 oda.
1333 670 1364 753 4)

302 786 430 852 dicunt:
454 778 536 848 ὥστε
623 805 664 866 με
688 833 695 846 .
720 831 726 847 .
750 779 938 869 φοβηθέντα
959 781 1015 846 τὸν
1037 777 1192 866 ὑμέτερον
1214 777 1359 866 θόρυβον

301 889 479 978 θοίμάτιον
496 893 663 981 προέσθαι
678 893 735 961 καὶ
749 892 867 980 γυμνὸν
889 891 923 958 ἐν
939 893 985 981 τῷ
1000 890 1181 979 χιτωνίσκῳ
1198 889 1362 977 γενέσθαι,

277 1091 280 1098 Ι
300 1006 357 1071 sed
379 1008 497 1089 μικροῦ
519 1001 646 1092 γυμνόν.

384 1120 464 1184 Inde
484 1119 596 1198 elucet,
619 1119 645 1183 si
661 1119 733 1200 quis
747 1119 886 1183 tunicam
910 1118 968 1184 sub
991 1117 1089 1200 pallio
1112 1120 1270 1200 gestatam
1295 1133 1364 1181 esse

299 1231 517 1295 demonstrare
539 1230 624 1309 velit,
648 1229 799 1296 vocabulo
821 1223 939 1313 γυμνός
962 1229 1019 1294 niti
1042 1230 1071 1295 ei
1094 1247 1154 1294 non
1177 1229 1281 1293 licere.

339 1338 341 1342 ’
385 1341 467 1406 Aliis
489 1346 595 1407 autem
619 1341 697 1407 locis
718 1342 907 1422 scriptorum
926 1341 1115 1406 sententiam
1139 1359 1242 1404 meam
1265 1339 1363 1403 etiam

299 1452 478 1519 confirmari
508 1453 622 1518 iudico.
667 1453 711 1518 Ut
743 1453 826 1517 enim
856 1453 898 1517 ad
920 1451 1210 1518 Ecclesiazusamm
1241 1469 1364 1528 versus,

298 1567 338 1630 de
368 1565 483 1649 quibus
513 1582 610 1647 supra
641 1563 739 1629 verba
767 1561 845 1644 feei,
877 1565 1004 1628 redeam
1018 1613 1030 1643 ,.
1056 1561 1193 1644 primurn
1227 1569 1364 1645 apparet

296 1676 488 1760 Blepyrum,
527 1694 597 1741 curn
633 1676 738 1741 nudus
757 1669 976 1756 dormitaret,
1016 1674 1124 1738 tunica
1155 1679 1269 1755 postea
1301 1694 1362 1739 non

297 1789 450 1853 vestitum
480 1787 586 1853 fuisse.
642 1787 724 1868 Nam
755 1805 927 1869 exsurgens
960 1804 1023 1851 non
1053 1785 1192 1850 tunicam
1226 1786 1360 1867 primam

295 1899 478 1980 quaerebat,
501 1900 558 1964 sed
575 1897 697 1965 calceos
719 1904 751 1964 et
773 1898 917 1980 pallium,
934 1916 1001 1980 ,quo
1024 1915 1084 1963 non
1108 1907 1236 1980 reperto
1259 1899 1359 1962 chito·

296 2010 368 2073 nion
391 2010 497 2074 uxoris
519 2028 577 2092 pro
600 2011 697 2092 pallio
721 2009 782 2075 sibi
807 2010 981 2075 circumicit
1004 2013 1042 2088 (u.
1059 2014 1141 2086 315).
1185 2008 1233 2072 De
1253 2010 1359 2074 tunica

294 2121 414 2186 nulium
445 2122 600 2212 uerbum„
637 2123 759 2187 Deinde
789 2119 988 2203 Praxagora,
1017 2139 1099 2201 quae
1122 2120 1182 2186 viri
1210 2122 1359 2186 vestitum

295 2232 415 2297 imitari
448 2233 525 2310 vult,
557 2251 617 2298 non
646 2233 787 2298 tunicam
819 2234 946 2299 brevem
980 2232 1100 2312 induit,
1135 2249 1234 2314 supra
1264 2252 1360 2314 qnam

295 2343 391 2425 pallio
413 2362 448 2409 se
470 2345 588 2424 amicit,
611 2345 668 2410 sed
691 2345 751 2410 hou
773 2351 898 2410 tantum
917 2343 1030 2411 aufert.
1075 2342 1237 2424 Nusquam
1262 2344 1359 2408 etiem

294 2455 403 2520 tunica
425 2455 485 2520 uiri
507 2454 548 2520 ab
564 2474 603 2520 ea
624 2462 753 2539 sumpta
774 2474 842 2521 esse
858 2461 1016 2536 narratur,
1038 2454 1124 2537 quod
1145 2455 1357 2520 necessarium

295 2572 382 2646 erat,
411 2567 438 2632 si
469 2567 578 2632 tunica
608 2566 715 2632 brevis
743 2567 827 2632 inter
849 2567 908 2632 uiri
939 2573 1046 2632 vestes
1075 2565 1269 2632 numeranda
1300 2571 1359 2629 est.

297 2676 507 2756 Quamobrem
524 2685 635 2760 postea
650 2679 683 2743 in
698 2680 835 2745 comitiis
850 2679 1033 2761 Praxagora
1057 2680 1195 2762 reliquas
1210 2678 1360 2744 mulieres

295 2797 427 2871 propter
442 2790 475 2853 id
491 2797 524 2855 et
539 2790 679 2856 chitonia
693 2791 840 2857 breviora
854 2791 987 2857 reddere
1003 2791 1044 2873 (o.
1056 2797 1132 2869 268)
1149 2798 1180 2856 et
1193 2791 1357 2855 humerum

295 2902 414 2967 nudare
445 2901 486 2985 (o.
508 2906 581 2980 267)
609 2902 714 2983 iubet,
743 2922 804 2967 non
834 2908 869 2968 ut
900 2895 1039 2969 tunicam
1069 2902 1193 2968 brevem
1234 2903 1354 2967 virilem

295 3013 478 3092 imitentur,
506 3015 561 3080 sed
595 3033 632 3078 ne
655 3015 814 3079 chitonion
839 3013 964 3080 omnino
994 3015 1114 3079 aviris
1136 3014 1358 3096 conspiciatur.

294 3123 361 3190 Nee
391 3143 465 3190 vero
495 3125 568 3207 pius
596 3143 675 3206 opus
706 3130 785 3209 erat.
838 3125 919 3191 Nam
952 3125 1091 3207 reliquae
1120 3129 1230 3208 partes
1260 3123 1358 3205 pallio

297 3234 536 3318 obtegebantur.
560 3235 685 3301 Dixerit
699 3237 856 3319 quispiam
870 3239 1016 3304 mulieres
1026 3236 1122 3303 uerbo
1134 3231 1358 3320 ἐξωμισάσαις

295 3345 397 3412 iuberi
419 3366 480 3413 nun
505 3347 631 3414 tunicae
655 3347 810 3413 manicam
833 3384 875 3395 -
898 3349 1032 3416 ionicam
1055 3349 1137 3413 enim
1162 3352 1281 3412 vestem
1305 3347 1356 3411 hie

294 3457 453 3524 chitonion
483 3477 551 3524 esse
581 3459 684 3525 videri
716 3478 815 3541 supra
846 3461 893 3545 (p.
919 3461 972 3544 34)
1007 3461 1135 3542 exposui
1161 3496 1203 3507 —
1225 3459 1355 3541 solvere,

294 3571 349 3634 sed
373 3570 539 3635 humerum
561 3569 658 3652 pallio
681 3571 812 3654 nudare,
835 3572 866 3638 h.
889 3590 916 3636 e.
938 3572 1070 3655 pallium
1094 3571 1153 3637 sub
1172 3570 1354 3637 bracehium

293 3682 441 3747 dextrum
472 3681 638 3747 trahentes
667 3682 729 3747 sibi
751 3681 960 3750 circumicere.
1006 3685 1050 3749 At
1071 3685 1209 3765 primum
1232 3684 1355 3749 Aristo-

196 3795 205 3816 ·
294 3792 415 3874 phanes
430 3794 471 3858 de
487 3792 639 3874 exomide,
661 3811 742 3874 quae
764 3802 816 3860 est
831 3795 938 3861 tunica
960 3794 993 3859 in
1016 3795 1116 3860 altero
1139 3794 1271 3860 humero
1294 3812 1353 3859 noo

294 3902 423 3984 confixa,
446 3904 573 3969 videtur
594 3904 761 3986 cogitasse,
793 3907 908 3971 deinde
930 3907 1062 3973 manicis
1083 3907 1186 3990 longis
1209 3907 1355 3972 mulieres

293 4032 364 4080 esse
386 4017 496 4081 statim
512 4017 762 4082 demonstratum
779 4023 872 4083 esset.
918 4018 1049 4084 decedit
1064 4019 1162 4084 aliud.
1206 4021 1243 4084 In
1259 4037 1352 4085 versu

294 4127 335 4191 60
357 4127 496 4193 eiusdem
519 4127 645 4194 fabulae
668 4128 781 4195 mulier
802 4134 842 4193 A
873 4148 908 4195 se
930 4130 1132 4195 densissimos
1163 4132 1265 4196 crines
1294 4127 1351 4193 sub
