3120 4784
768 1624 807 1688 V.

463 1780 516 1847 lic
539 1779 640 1847 virili
663 1778 797 1846 vestitu
820 1779 955 1846 saeculi
978 1779 1108 1864 quinti.

342 1969 463 2034 Tunica
491 1969 587 2051 lunga
617 1968 726 2049 lintea,
757 1987 839 2050 quae
868 1988 889 2032 a
919 1968 996 2034 viris
1027 1967 1082 2031 diu
1107 1967 1242 2033 Athenis
1264 1988 1319 2049 ge·

258 2086 346 2146 stata
368 2085 428 2160 ast,
452 2081 558 2162 priore
581 2080 713 2144 dimidio
736 2079 856 2146 saeculi
878 2079 979 2162 quinti
1003 2079 1183 2160 deponitur.
1223 2079 1320 2145 Cuius

257 2193 303 2256 rei
326 2191 419 2256 testis
441 2204 491 2256 cst-
513 2191 716 2275 Thucydides
739 2192 783 2275 (Ι,
807 2194 851 2274 6),
874 2192 928 2274 qui
950 2190 1001 2257 his
1024 2191 1129 2257 verbis
1152 2191 1277 2256 utitur:

345 2297 414 2365 Καί
447 2296 477 2366 oi
510 2298 725 2388 πρεσβύτεροι
756 2295 869 2380 αὐτοῖς
896 2304 962 2367 τῶν
983 2294 1183 2386 εὐδαιμόνων
1205 2301 1260 2368 διδ
1282 2301 1320 2366 τὸ

259 2409 468 2500 ἁβροδίαιτον
498 2405 534 2476 ού
567 2412 671 2490 πολύς
699 2409 816 2497 χρόνος
843 2411 958 2500 ἐπειδὴ
984 2409 1124 2494 χιτῶνοίς
1153 2437 1188 2479 τε
1214 2414 1320 2488 λινοῦς

262 2519 448 2590 ἐπαύσαντο
479 2523 654 2609 φοροῦντες
781 2522 899 2614 μετρίᾳ
929 2525 958 2590 δ’
989 2518 1028 2590 αὖ
1059 2523 1178 2614 ἐσθῆτι
1208 2523 1265 2591 καὶ
1287 2524 1321 2602 ἐς

260 2635 318 2701 τὸν
341 2639 395 2700 νῦν
416 2630 541 2719 τρόπον
564 2639 690 2722 πρῶτοι
712 2633 975 2722 Λακεδαιμόνιοι
999 2633 1245 2730 ἐχρήσαντο...

345 2750 371 2810 Α
388 2747 575 2830 Thucydide
597 2749 715 2830 pendet
730 2750 870 2816 scholion
886 2751 1057 2834 quoddam,
1079 2755 1189 2831 quaet
1205 2748 1321 2814 Eusta-

259 2859 347 2924 thius
377 2859 430 2940 (p.
454 2863 525 2938 964,
548 2862 605 2943 σο)
637 2869 670 2926 ec
699 2861 844 2928 Clemens
867 2862 1102 2928 Alexandrinus
1133 2861 1248 2943 (Pacci.
1271 2861 1321 2940 II,

259 2977 329 3048 105,
353 2991 423 3052 cap.
435 2968 484 3050 X)
507 2977 650 3037 utuntur.
689 2974 877 3041 Heraclides
900 2980 1005 3040 autem
1023 2970 1321 3058 Ponticusjfflihea.

260 3080 345 3159 XII,
363 3101 398 3162 μ.
423 3080 596 3163 512b)2⁹)‚
629 3084 926 3152 cuiusve1·bafere
949 3087 1067 3168 repetit
1090 3085 1241 3175 Aelianue
1264 3085 1320 3166 (V.

347 3295 401 3373 29)
415 3291 476 3353 Καὶ
488 3287 512 3373 ἡ
523 3290 693 3374 Ἀθηναίων
704 3296 800 3374 πόλις,
824 3300 880 3372 ἕως
896 3295 1021 3381 ἐτρύφα,
1045 3300 1163 3380 μεγίστη
1175 3321 1205 3360 τε
1219 3287 1256 3377 ἦν
1271 3296 1323 3358 καὶ

260 3391 559 3479 μεμαλοψυχοτότους
589 3399 710 3478 ἔτρεφεν
741 3397 860 3482 ύνδρας.
890 3397 1034 3484 Ἅλουρμῆ
1064 3399 1116 3479 μὲν
1153 3397 1208 3481 γυίρ
1245 3393 1321 3477 ἠμπ-

260 3503 376 3579 ίσχοντο
400 3493 511 3577 ἱμάτια,
543 3505 697 3577 ποικίλους
720 3505 745 3565 δ’
769 3499 919 3567 ὑπέδυνον
940 3510 1072 3584 χιτῶνας,
1099 3500 1273 3582 κορύμβους
1295 3505 1321 3563 δ’

261 3599 461 3680 ἀναδούμενοι
483 3606 543 3662 τῶν
565 3611 678 3685 τριχῶν,
711 3613 838 3688 χρυσοῦς
869 3608 998 3689 τέττιγας
1026 3606 1093 3688 περὶ
1126 3602 1158 3667 τό
1186 3604 1322 3684 μέτωπον

260 3707 309 3768 καὶ
334 3709 386 3784 wig
408 3700 504 3782 κόμας
526 3703 674 3788 ἕφόρουν·
707 3709 848 3784 ὀκλαδίας
877 3734 906 3772 τε
937 3705 1038 3780 αὐτοῖς
1065 3711 1192 3790 δίφρους
1215 3709 1322 3789 ἔφερον

260 3812 291 3873 οἱ
311 3816 424 3891 παῖδες,
454 3820 505 3882 ἵνα
527 3802 567 3885 μή
591 3817 742 3889 καθίζοιεν
774 3808 816 3885 ῶς
843 3813 950 3892 ἔτυχεν.
997 3810 1058 3873 Καὶ
1082 3801 1165 3873 οὗτοι
1196 3800 1271 3890 ἦσαν
1293 3810 1324 3871 οἱ

261 3921 398 3996 τοιοῦτοι,
430 3922 461 3983 οἱ
488 3917 541 4001 τήν
574 3920 605 3982 ἒν
628 3921 807 3999 Μαραθῶνι
836 3914 1007 3996 νικήσαντες
1028 3912 1134 3995 μάχην,
1162 3913 1211 3975 καλ
1235 3909 1322 3993 μόνοι

259 4017 314 4104 τήν
336 4027 388 4106 τῆς
404 4021 507 4102 Ἀσίας
530 4018 647 4104 ἁπάσης
669 4017 796 4100 δύναμιν
817 4015 1034 4102 χειρωσόμενοι.
