3120 4784
693 413 883 482 -3,.

253 589 412 672 Ortygem
440 606 510 654 eum
532 587 717 671 pepulisset,
748 589 816 671 ipse
844 595 1000 672 tyrannus
1030 589 1134 657 laetus
1163 596 1222 657 est.
1266 589 1318 659 Sic

254 699 414 766 Oodiidae
436 700 551 764 iterum
575 700 725 780 Erythris
747 700 932 782 regnabant,
961 710 994 768 et
1017 722 1088 769 oum
1112 703 1158 769 eis
1180 702 1318 768 fortasse

254 818 348 877 vetus
370 810 557 893 simplicitas
579 829 712 878 morum.
737 812 865 896 [Athea.
892 813 949 892 VI,
972 814 1083 898 νόθα]
1106 815 1240 881 Etiamsi
1263 833 1318 879 no-

254 923 341 988 mina
370 942 447 989 vera
470 941 539 988 esse
560 922 647 988 haud
670 923 841 989 verisimile
863 931 923 1005 est,
954 923 1013 990 hoo
1036 931 1142 991 tamen
1164 931 1318 1009 apparet:

253 1035 407 1117 quosdam
430 1035 554 1117 graecis
577 1034 707 1100 coloniis
730 1035 827 1115 potiri
849 1054 918 1102 esse
941 1044 1070 1102 conatos
1086 1044 1118 1102 et
1134 1039 1252 1119 primos
1270 1038 1317 1102 in-

254 1149 372 1213 ducere
394 1163 497 1210 mores
519 1147 670 1212 asiaticos
687 1145 854 1213 molliores.
889 1149 974 1226 Quos
998 1168 1033 1212 re
1054 1167 1130 1213 vera
1152 1148 1183 1212 in
1199 1149 1318 1231 oppida

254 1276 370 1340 graeca
402 1258 503 1339 magis
533 1257 696 1341 magisque
735 1259 888 1324 transisse
921 1258 1184 1341 Colophoniorum
1222 1260 1317 1325 rebus

254 1373 502 1436 demonstratur.
533 1369 581 1435 De
596 1369 712 1450 quihus
726 1369 910 1434 Athenaeus
931 1369 1033 1451 (XII,
1047 1370 1155 1451 σασα)
1172 1377 1316 1435 enarrat:

340 1474 553 1566 Κολοφώνιοι
576 1479 614 1560 δ’,
645 1474 689 1555 ὥς
712 1499 791 1565 φησι
819 1475 995 1566 Φύλαρχος,
1026 1478 1083 1567 τὴν
1103 1473 1203 1565 ἀρχὴν
1224 1473 1318 1557 ὅντες

254 1591 391 1680 σκληροὶ
413 1590 447 1656 έν
468 1595 544 1667 ταῖς
565 1583 716 1675 ἀγωγαῖς,
740 1589 815 1656 ἐπεὶ
836 1587 883 1668 εἰς
905 1590 1027 1678 τρυφὴν
1042 1587 1217 1672 ἐξώκειλαν
1233 1587 1318 1674 πρδς

252 1702 390 1780 Λυδοὺς
412 1699 526 1790 φιλίαν
548 1701 605 1767 καὶ
626 1700 813 1786 συμμαχίαν
830 1701 1055 1787 ποιησόμενοι,
1080 1700 1246 1789 προῄεσαν
1265 1702 1315 1766 δι-

255 1814 431 1904 ησκημένοι
448 1814 508 1892 τὰς
517 1809 622 1898 κόμας
631 1817 739 1901 χρυσῷ
751 1810 874 1899 κόσμῳ,
887 1810 930 1891 ὡς
941 1812 997 1878 καί
1008 1809 1196 1900 Ξενοφάνης
1207 1809 1315 1899 φησίν.

252 1929 404 2010 Sequitur
419 1927 623 2008 Xenophanis
638 1926 851 2008 fragmentum
875 1926 1006 2010 (Berpk.
1021 1931 1106 2008 poet.
1128 1927 1186 2009 lyr.
1206 1927 1248 2007 fr.
1265 1925 1315 2008 3):

333 2033 538 2125 <Αβροσόνας
560 2035 597 2101 δέ
618 2030 786 2119 μαθόντες
807 2029 996 2122 ἀνωφελέας
1018 2034 1110 2120 παρὰ
1132 2035 1257 2101 Λυδῶν

425 2142 513 2235 όφρα
534 2143 701 2233 τυραννίης
723 2138 805 2233 ἦσαν
826 2139 900 2213 diaeo
923 2148 1086 2233 oeuyeoig,

338 2257 433 2350 ἤϊσαν
455 2257 502 2337 είς
523 2254 642 2347 ἀγορὴν
664 2257 890 2345 παναλουργέα
913 2253 1008 2346 φάρε’
1034 2253 1161 2340 έχοντες

423 2366 460 2437 οὗ
482 2369 594 2456 μείους
615 2365 729 2458 ὥσπερ
750 2367 851 2450 χίλιοι
872 2367 920 2448 εἰς
942 2366 1078 2452 ἐπίπαν,

336 2479 487 2566 αὐχαλέοι
507 2480 657 2572 χαίτῃσιν
679 2476 894 2566 ἀγαλλόμενοι
916 2475 1153 2570 εὐπρεπέεσσιν

420 2590 575 2682 ἀσκητοῖς
598 2587 700 2682 ὀδμὴν
720 2590 857 2680 χρίμασι
880 2589 1058 2676 δευόμενοι.

335 2710 405 2776 Etsi
429 2711 556 2773 tunicae
572 2701 728 2793 ποδήρεις
749 2708 837 2787 ipsae
860 2726 919 2770 non
943 2711 1239 2786 commemorantur,
1263 2713 1314 2768 ta-

248 2842 320 2886 men
342 2820 448 2886 omnia
471 2820 512 2884 ad
534 2818 685 2884 vestitum
705 2817 792 2881 illum
809 2818 976 2881 asiaticum
993 2817 1142 2881 videntur
1156 2822 1310 2897 spectare,

249 2934 296 2997 ita
318 2939 353 2996 ut
377 2930 502 2996 tunicae
526 2929 664 2994 fortasse
685 2928 769 2993 iuter
792 2922 899 3013 φάρεα
916 2929 1130 2992 numerandae
1145 2928 1217 2991 sint.
1250 2928 1312 3007 Ly-

249 3046 358 3108 dorum
384 3042 582 3124 tyrannidem
605 3039 707 3104 altero
731 3057 823 3103 versu
854 3058 874 3102 a
900 3046 997 3119 poeta
1015 3037 1225 3117 significatam
1241 3055 1311 3103 esse

247 3131 419 3219 verisimile
450 3160 501 3218 est
530 3154 585 3234 (of.
608 3151 725 3234 Berple.
748 3151 768 3215 l.
791 3151 834 3232 λ).
889 3151 970 3215 Nam
1003 3147 1191 3213 Aristoteles
1224 3147 1310 3230 (Pol.

242 3289 279 3350 p.
297 3265 414 3346 1290h)
437 3266 544 3346 plures
564 3261 837 3344 Colophoniorum,
860 3268 1031 3340 antequam
1054 3258 1169 3324 bellurn
1186 3258 1306 3341 lydium

247 3377 413 3459 coepisset,
429 3395 560 3456 magnas
577 3375 705 3438 divitias
720 3374 781 3438 sihi
798 3373 960 3454 peperisse
975 3378 1113 3436 enarrat.
1138 3369 1310 3435 Praeterea

247 3488 293 3554 illi
316 3487 402 3554 mille
425 3487 551 3567 etves1)
574 3490 722 3566 spectant
744 3485 783 3549 ad
810 3484 1032 3559 timooratiam,
1054 3499 1135 3563 quae
1156 3483 1187 3545 in
1209 3480 1308 3545 omni-

246 3599 306 3665 bus
328 3599 395 3664 fere
416 3598 545 3681 oppidis
566 3599 691 3679 graecis
722 3614 796 3662 orae
826 3595 976 3661 asiaticae
1006 3595 1137 3659 inducta
1165 3597 1214 3656 est
1236 3598 1309 3674 post

335 3845 365 3922 1)
404 3841 490 3906 Quod
520 3841 674 3900 confirmat
703 3839 911 3914 Theopompus
940 3837 1058 3915 (Athen.
1088 3834 1159 3904 XII,
1193 3834 1308 3908 5260):

245 3946 357 4025 χιλίους
379 3937 491 4022 όνδρας
514 3935 614 4000 αὐτῶν
636 3933 791 4019 ἇλουργεῖς
812 3941 984 4016 φοροῦντας
999 3928 1105 4006 στολδς
1121 3928 1306 4002 ἆστυτιολεῖν,

246 4052 271 4111 ei
294 4070 355 4110 non
377 4069 393 4108 ε
416 4048 606 4122 Xenophane
627 4043 735 4106 hausit.

1063 4146 1102 4209 lit·
