3120 4784
672 431 863 499 -5..

235 601 354 669 iactum
387 605 445 670 est.
492 603 556 670 Sed
591 605 674 689 Lydi
704 605 786 672 hunc
816 626 882 672 rem
913 624 985 674 cum
1008 607 1122 674 Croeso
1152 613 1185 674 et
1213 607 1297 674 bello

236 707 362 782 Persico
400 713 630 783 coniunxerunt
673 717 808 784 fortasse
845 719 879 783 id
915 725 1063 800 agentes,
1100 723 1138 784 ut
1173 723 1205 785 et
1241 720 1298 784 de·

236 823 347 896 decore
369 827 479 912 oppidi
502 827 600 895 deleti
631 834 663 894 et
685 827 853 912 opprobrio
876 829 1021 896 mollitiei
1043 829 1196 898 asiaticae
1218 830 1298 897 libe·

236 943 381 1008 narentur
411 939 461 1006 uel
499 941 607 1022 potius
637 923 749 1007 mores
773 939 908 1007 laxiores
937 948 1131 1009 excusarent.
1183 941 1297 1011 Verbis

235 1055 333 1138 igitur
355 1046 503 1128 κιθῶνάς
525 1074 560 1116 ce
581 1046 754 1118 lnoddvev
777 1053 856 1119 nihil
879 1054 967 1119 aliud
984 1051 1297 1136 significariuidetur

235 1165 312 1231 nisi:
328 1154 440 1247 longas
456 1163 580 1229 tunicas
595 1163 738 1244 induere,
760 1182 841 1247 qnae
857 1171 952 1232 antea
962 1183 1024 1231 non
1036 1163 1245 1247 gestabantur
1255 1165 1295 1247 ³).

235 1278 321 1356 Quae
354 1275 481 1363 qnando
511 1277 648 1358 primum
678 1275 819 1362 aLydis
850 1284 1023 1360 usurpatae
1052 1278 1136 1360 sint,
1166 1295 1296 1361 prorsus

235 1385 400 1454 nescimus.
443 1385 512 1453 Hoc
550 1405 625 1453 vero
662 1385 849 1454 concludere
880 1406 1065 1472 possumus:
1108 1389 1183 1472 quia
1213 1388 1296 1473 Lydi

234 1495 345 1584 quinto
360 1491 689 1566 saecuto'mutationis
710 1519 832 1566 morum
847 1500 926 1565 bene
942 1499 1195 1584 reminiscuntur,
1217 1517 1295 1581 qua·

234 1623 307 1678 tuor
328 1609 464 1678 saeculis
485 1617 559 1678 unte
582 1609 667 1676 iactu
690 1627 843 1678 essenon
867 1615 981 1694 potest.

319 1725 348 1788 Α
371 1719 574 1804 Colophoniis
602 1723 698 1788 etiam
730 1721 873 1789 Milesios
904 1720 1045 1804 aliosque
1074 1723 1225 1790 finitimos
1247 1742 1296 1791 re-

234 1833 358 1917 cepisse
373 1850 472 1901 novos
494 1850 597 1900 mores
614 1831 786 1901 Clearchus
802 1835 970 1901 memoriae
985 1822 1135 1916 prodidit.
1165 1835 1295 1920 [Athea.

237 1947 323 2026 XII,
340 1969 375 2029 p.
401 1943 528 2032 eard]
564 1927 664 2026 Quod
688 1945 876 2028 plerumque
907 1947 1019 2013 eadem
1041 1951 1148 2013 aetate
1176 1945 1295 2013 iactum

238 2057 364 2124 videtur
385 2073 472 2137 esse,
487 2068 551 2142 qua
573 2075 623 2124 res
647 2075 742 2123 novas
765 2047 976 2124 moliebantur
1006 2063 1039 2123 et
1061 2059 1296 2125 controversiae

238 2170 276 2235 de
298 2163 482 2252 principatu
500 2169 583 2235 inter
605 2169 776 2251 optimates
798 2175 830 2235 et
852 2167 975 2252 plebem
1000 2155 1232 2250 exoriebantnr,
1263 2175 1297 2236 et

237 2276 451 2362 compluribus
484 2281 575 2347 annis
605 2285 773 2364 postquam
804 2299 875 2347 cum
899 2281 1077 2348 Cimmeriis
1101 2281 1218 2348 bellum
1242 2301 1297 2365 ge-

231 2398 317 2458 stum
347 2395 425 2460 erut.
480 2390 667 2459 Heraclides
704 2394 831 2476 quidem
870 2391 1020 2459 Ponticus
1051 2391 1181 2475 (Attea.
1210 2393 1296 2473 XII,

226 2505 343 2590 μ’523
360 2508 382 2589 f
384 2497 469 2588 )f‘H
481 2500 664 2590 Μιλησίων,
686 2505 799 2588 inquil,
821 2499 921 2582 πόλις
943 2501 1195 2594 περιπέπτωκεν
1218 2497 1297 2571 dcv-

230 2613 319 2698 χίαις
340 2613 397 2682 διὰ
419 2613 539 2704 τρυφὴν
560 2611 635 2699 βίου
655 2613 711 2680 καὶ
733 2613 909 2694 πολιτικὰς
931 2611 1062 2704 iiiique,
1092 2623 1124 2684 et
1147 2615 1296 2700 Ephorus

231 2730 360 2809 (Athea.
378 2727 464 2808 XII,
490 2730 612 2812 523e):
637 2723 798 2816 Μιλήσιοι
821 2729 859 2810 d’,
883 2725 945 2806 ἕως
968 2721 1025 2794 οὖν
1048 2723 1203 2816 ἐτρύφων,
1227 2723 1293 2793 ἑνί-

231 2864 297 2905 κων
321 2833 484 2917 Σκύθας]

295 2969 298 2976 ·
317 2949 491 3018 Luxuriam
515 2951 610 3017 etiam
632 2953 665 3016 in
686 2935 835 3034 Magnum
853 2949 1018 3017 Graeciam
1041 2951 1222 3034 pervenisse
1245 2958 1295 3017 at-

232 3061 293 3146 qu'e
324 3063 481 3146 imprimis
512 3063 711 3147 aSyburitis
742 3065 928 3145 adoptatam
960 3078 1030 3129 esse
1052 3069 1186 3130 constat.
1231 3063 1295 3132 Sed

232 3173 302 3242 curn
337 3171 427 3241 nobis
463 3175 612 3240 trudatur
644 3171 752 3260 (Diop.
774 3173 882 3241 Lutra
913 3170 1012 3258 VIII,
1035 3183 1062 3256 1,
1088 3179 1143 3272 19)
1172 3177 1293 3261 Pytha·

231 3297 350 3370 gotes,
367 3275 544 3353 (lrotonem'
559 3285 721 3368 proiectus
747 3285 847 3352 laneis
869 3286 1067 3355 vestimentis
1088 3295 1122 3354 de
1144 3289 1295 3369 induisse,

231 3387 430 3482 quia'lintea
448 3378 515 3464 illts'
531 3399 732 3480 'temporibus
759 3417 797 3464 eo
819 3399 960 3465 nondum
983 3401 1212 3482 pervenissent,
1242 3400 1294 3466 ui-

233 3557 435 3568 ---——-—

281 3629 283 3637 ,
318 3626 352 3731 3)⁴
372 3635 532 3734 Baehrium
555 3650 638 3732 (adn.
664 3653 703 3710 ud
723 3648 921 3733 eutulanum),
944 3653 995 3732 qui
1011 3672 1072 3712 non
1088 3652 1227 3726 tunicam,
1243 3653 1295 3712 sed

229 3740 365 3844 ‘alterum
388 3755 598 3816 vestimentum
620 3743 718 3836 (εἷμα)
739 3754 875 3814 luxuriae
897 3755 1039 3814 indicium
1062 3743 1180 3813 haberi'
1202 3760 1297 3831 putat,

232 3849 316 3938 sequi
331 3855 398 3916 ¹non
420 3877 549 3933 possum.
594 3855 727 3920 Quodsi
750 3857 903 3932 voluisset,
929 3857 1083 3918 Herodoto
1107 3856 1294 3917 scribendum

231 3957 289 4021 fuit
311 3955 368 4020 aut'
384 3953 455 4029 τούς
476 3979 506 4018 τε
527 3959 663 4029 κιθῶνας
685 3950 712 4018 ὖ.
736 3954 845 4036 εἵμασι,
868 3966 919 4020 aut
936 3959 1111 4021 dilucidius:
1134 3955 1202 4039 roupi
1224 3951 1295 4030 τούς

231 4081 262 4122 τε
282 4065 419 4134 κιθῶνας
432 4055 666 4140 ’ἀμφιέννυσθαι
688 4059 802 4142 εἵματα.
