3120 4784
700 406 912 472 ..35-

275 570 367 660 οιμία
390 567 469 662 αὕτη
490 578 530 662 τῇ
544 568 596 640 ζοὗ
615 575 697 663 γαλῇ
722 572 845 661 πρέπει
868 567 1061 656 apoawro'v'.
1094 575 1225 642 Suidas:
1250 583 1279 640 Γ
1275 575 1338 665 αλῇ

272 684 444 768 χιτών...
469 683 567 772 ὁμοία
590 685 660 752 ἐστὶ
682 689 738 775 τῇ·
770 679 807 751 οὗ
829 684 951 771 πρέπει
972 685 1055 776 γαλῇ
1078 683 1252 773 κροκωτός.
1296 690 1339 754 Et

274 802 360 868 alibi.
404 803 550 888 Apparet
580 804 646 865 tres
676 800 748 865 illas
778 801 884 864 varias
906 818 999 865 voces
1022 801 1064 864 ad
1086 801 1171 865 idem
1194 819 1266 866 esse
1287 819 1338 864 re-

274 912 432 995 ferendae,
463 913 585 978 scilicet
606 913 647 976 ad
669 931 739 977 eam
762 917 893 992 vestem,
924 931 988 994 qua
1018 912 1132 977 mulier
1154 932 1174 977 a
1195 914 1265 977 viro
1287 913 1336 976 di-

274 1025 457 1108 stinguitur,
480 1044 543 1108 qua
564 1024 699 1088 maxime
721 1024 751 1089 ei
773 1041 855 1104 opus
878 1028 937 1089 est.

359 1161 423 1228 Sed
452 1180 535 1227 nunc
557 1161 671 1226 redeas
694 1179 813 1243 quaeso
840 1162 882 1225 ad
904 1160 1196 1226 Ecclesiazusarum
1221 1159 1336 1242 locum,

273 1292 366 1355 quem
388 1274 492 1356 primo
508 1271 611 1337 attuli.
648 1271 833 1355 Praxagora
846 1275 943 1336 noctu
966 1292 983 1337 e
1005 1271 1087 1337 lecto
1111 1290 1244 1353 surgens
1265 1271 1336 1352 pal-

272 1384 349 1448 lium
372 1384 433 1448 viri
456 1384 543 1465 capit
565 1388 599 1448 et
619 1402 677 1465 pro
700 1403 738 1448 eo
761 1382 923 1466 encyclum
946 1402 1037 1448 suum
1059 1384 1091 1448 in
1107 1384 1175 1448 viro
1191 1383 1335 1464 imponit.

273 1495 335 1572 Qui
364 1496 594 1577 cumprimum
618 1494 860 1578 expergefactus
882 1501 941 1576 est,
963 1493 1096 1577 pallium
1119 1514 1180 1559 non
1205 1495 1335 1573 invenit,

274 1607 332 1672 sed
354 1606 528 1690 encyclum,
559 1627 622 1690 quo
651 1608 699 1671 uti
721 1625 785 1671 non
806 1611 917 1687 potest
938 1612 996 1671 aut
1018 1625 1081 1671 non
1104 1606 1181 1671 vult.
1227 1605 1337 1688 Surgit

264 1723 306 1782 'et
327 1737 427 1800 prope
448 1718 566 1784 lectum
589 1717 764 1783 chitonium
787 1718 896 1782 uxoris
922 1718 1053 1800 reperit,
1083 1718 1169 1798 quod
1191 1717 1252 1782 sibi
1275 1720 1334 1783 cir-

273 1830 409 1895 cumicit.
462 1830 577 1894 Omnia
607 1835 727 1911 patent.
779 1827 861 1893 Nam
890 1834 1016 1895 veteres
1045 1830 1149 1894 nudos
1178 1831 1332 1894 dormisse

271 1945 381 2006 notum
404 1945 471 2022 est,
501 1960 693 2024 quamquam
715 1940 858 2006 Boehlau
880 1940 931 2023 (p.
956 1942 1006 2022 14)
1028 1941 1155 2006 videtur
1178 1941 1332 2007 dubitare.
1367 1968 1369 1972 ·

271 2052 478 2119 Telemachus
501 2053 536 2133 (α
552 2053 623 2133 437)
647 2053 787 2118 tunicam
810 2037 907 2132 exuit,
937 2071 1007 2117 cum
1031 2052 1172 2117 cubitum
1195 2052 1229 2118 it.
1275 2053 1334 2118 Oa-

271 2165 364 2247 lypso
386 2182 521 2248 surgens
544 2165 650 2248 ῳᾶρος
672 2164 777 2229 induit
803 2169 836 2228 et
857 2157 1043 2248 καλύπτρην
1065 2163 1126 2228 sibi
1148 2164 1334 2244 ciroumidt,

272 2273 381 2339 Ulixes
402 2275 553 2339 tunicam
578 2281 611 2340 et
632 2273 758 2339 laenam
785 2273 814 2357 (ε
828 2277 889 2333 229
904 2275 994 2357 squ).
1033 2273 1214 2341 Candauiae
1244 2295 1335 2358 uxor,

271 2385 360 2450 cuius
380 2384 649 2467 pulchritudinem
672 2384 779 2468 Gyges
802 2384 883 2450 clam
899 2386 1085 2467 admiratur,
1110 2386 1249 2451 cubitum
1264 2388 1332 2452 iens

269 2497 375 2561 omnia
397 2497 589 2562 vestimenta
611 2497 743 2578 deponit
765 2495 899 2578 (Herod.
921 2499 951 2575 Ι,
975 2497 1017 2579 8).
1060 2497 1130 2574 Quo
1153 2497 1216 2563 alio
1238 2499 1332 2563 modo

269 2613 369 2673 totam
400 2613 602 2674 venustatem
632 2608 701 2674 cius
731 2626 862 2673 cernere
889 2608 1005 2690 potuit,
1035 2608 1097 2673 nisi
1119 2611 1239 2675 nudam
1261 2629 1331 2675 eam

268 2719 455 2801 conspexit?
491 2721 526 2784 In
554 2738 630 2785 vase
652 2721 789 2802 quodam
817 2719 1019 2784 Corinthiaco
1047 2719 1284 2802 Periclymenus
1314 2742 1331 2787 e

267 2830 350 2896 lecto
365 2832 511 2897 Ismenac
525 2831 651 2914 fugiens
666 2829 760 2896 fictus
775 2836 825 2896 est
839 2832 961 2911 nudus3
978 2832 1055 2895 item
1070 2832 1195 2897 Ismene
1210 2833 1331 2898 cubans

268 2944 340 3023 ipsa
375 2949 409 3007 et
445 2942 517 3008 albo
554 2942 677 3023 colore,
714 2943 761 3007 ita
796 2946 833 3006 ut
869 2943 998 3008 dubium
1031 2961 1102 3008 esse
1133 2963 1195 3008 non
1228 2946 1333 3026 possit

269 3051 449 3136 (Welclccr,
480 3054 545 3118 alte
573 3052 708 3120 Dealcm.
738 3053 774 3131 V,
802 3051 854 3136 Τί.
876 3055 936 3135 14).
990 3054 1182 3120 Posterioris
1213 3058 1331 3121 aetatis

269 3165 448 3245 exemplum
472 3165 586 3231 afferre
607 3186 670 3231 non
693 3183 841 3247 possum;
872 3184 945 3229 nam
968 3165 997 3231 si
1019 3165 1211 3232 Pittalacum
1234 3172 1330 3232 noctu

269 3275 478 3341 aTimarcho
502 3296 691 3359 oppressum
713 3271 831 3358 γυμνόν
861 3277 903 3340 ad
934 3295 1023 3340 aram
1053 3278 1165 3343 matris
1197 3280 1329 3344 deorum

269 3387 389 3470 fugisse
412 3387 576 3469 (Acachia.
598 3388 628 3466 I,
651 3407 720 3470 cap.
741 3388 807 3468 25),
830 3387 858 3451 si
880 3384 1124 3454 Eratosthenem
1147 3391 1328 3457 adulterum

268 3499 301 3564 in
323 3499 407 3565 lecto
428 3493 547 3582 γυμνόν
568 3500 608 3565 ab
627 3498 883 3582 ingredientibus
905 3499 1039 3564 inveniri
1054 3499 1143 3582 (Lps.
1161 3504 1188 3579 I,
1204 3505 1257 3584 24)
1272 3503 1330 3568 ad-

269 3611 453 3692 monuerim,
476 3611 594 3676 dixerit
615 3611 773 3694 quispiam
791 3603 909 3692 γυμνόν
932 3611 1029 3674 etiam
1045 3630 1127 3692 eum,
1149 3614 1204 3693 qui
1221 3614 1330 3680 tunica

269 3722 338 3787 sola
359 3722 491 3787 indutus
514 3723 567 3803 sit,
589 3742 609 3786 a
631 3721 763 3787 Graecis
786 3720 942 3804 appellari
965 3721 1006 3802 (v.
1021 3721 1071 3804 a).
1115 3723 1328 3791 Nihilominus

269 3833 421 3915 quamdiu
444 3852 510 3898 rem
533 3831 627 3898 aliter
649 3851 684 3897 se
705 3832 822 3898 habere
845 3851 907 3896 non
923 3833 1173 3899 demonstratum
1191 3844 1250 3917 est,
1273 3856 1327 3902 ve·

269 3949 370 4009 terem
392 3963 511 4010 morem
535 3945 603 4009 sine
627 3944 767 4009 vestibus
789 3944 968 4009 dormiendi
994 3945 1187 4011 remansisse
1209 3954 1328 4028 putem.
