3120 4784
664 413 875 477 -21-

239 583 297 648 sed
320 581 446 648 Peleum
470 583 536 667 (Jtp
561 589 608 662 10,
628 605 662 665 p.
681 585 746 665 35),
769 583 801 648 in
825 585 914 649 cuius
938 589 1026 650 veste
1049 585 1176 649 easdem
1199 583 1301 648 lineas

240 694 427 771 invenimus,
450 695 548 760 lintea
570 697 679 761 tunica
702 697 848 760 indutum
872 715 942 761 esse
965 697 1137 761 existimat.

323 807 492 872 Loesohhii
521 807 721 888 aliorumque
753 809 912 872 sententia
945 809 1023 872 nihil
1058 807 1165 873 valere
1195 811 1303 888 potest

241 924 351 982 eontra
381 918 589 999 Herodotum,
621 920 712 984 ouius
743 917 840 982 verba
869 920 972 984 secuti
1002 919 1131 984 linteam
1162 920 1302 983 tunicam

241 1034 471 1110 exspectamus
518 1031 689 1096 Praeterea
712 1036 840 1110 postea,
871 1049 942 1096 cum
971 1029 1106 1096 lineolae
1131 1031 1303 1095 undulatae
1412 1044 1416 1052 ·

241 1161 300 1205 nou
323 1142 387 1205 iam
402 1143 618 1222 reperiuntur,
641 1142 712 1206 dieo
730 1143 762 1206 in
779 1143 864 1206 vasis
881 1144 1156 1223 monumentisque
1171 1141 1304 1206 Phidiae

243 1254 357 1318 aetatis
388 1259 421 1318 ot
449 1253 695 1334 posterioribus,
732 1259 765 1318 et
794 1253 911 1335 ubique
947 1256 1058 1319 eodem
1090 1255 1159 1319 loeo
1191 1255 1302 1319 eadem

241 1363 343 1429 forma
366 1366 475 1430 eadem
499 1366 632 1429 materie
654 1365 779 1430 tunicas
803 1366 890 1430 oerni
917 1371 950 1430 et
972 1385 1030 1446 pro
1053 1365 1161 1430 linteis
1183 1365 1303 1430 haben·

241 1477 298 1540 das
321 1495 392 1541 osse
414 1494 506 1540 nemo
529 1483 579 1541 est
601 1477 655 1558 qui
678 1485 782 1556 negot.
816 1475 1013 1542 Stndniozka
1035 1478 1134 1556 igitur
1156 1477 1228 1542 illas
1250 1498 1303 1542 ru·

240 1605 297 1669 gas
319 1607 382 1651 non
405 1589 530 1653 ratione
545 1589 644 1653 vestis
664 1588 926 1653 circumiciendae
942 1593 975 1652 et
990 1588 1148 1668 plicatura
1164 1588 1303 1670 effectas

240 1700 298 1764 sed
328 1699 361 1763 in
390 1701 523 1765 materie
554 1702 625 1781 ipsa
652 1701 758 1764 inesse
785 1705 887 1781 putat.
933 1699 992 1764 Oui
1015 1701 1153 1766 concedo
1177 1719 1231 1765 eas
1255 1703 1304 1765 in-

241 1829 311 1876 esse
333 1829 444 1892 posso,
474 1812 621 1876 sedtum
646 1811 766 1892 solnm,
797 1830 867 1876 eum
889 1794 974 1877 iuter
996 1812 1128 1876 rudiora
1157 1811 1224 1876 lina
1256 1818 1303 1877 te-

240 1923 355 1986 nuiora
378 1924 425 1987 ita
446 1925 640 2004 intexantur,
663 1928 699 1987 ut
720 1922 823 1987 forma
846 1925 1002 1987 undarum
1024 1924 1057 1987 in
1077 1925 1211 1989 materie
1234 1922 1302 1988 effi-

243 2035 354 2114 ciatur,
378 2036 436 2100 sed
459 2033 644 2116 superficies
667 2053 783 2116 aspera
806 2054 867 2098 nou
890 2033 955 2098 fiat.
996 2033 1047 2100 Sio
1069 2035 1144 2100 vidi.
1181 2033 1244 2100 Sed
1258 2036 1304 2099 ita

244 2148 366 2212 tunicas
389 2165 519 2228 graecas
542 2167 604 2211 non
626 2147 858 2229 intellegendas
878 2164 947 2211 esse
962 2147 1037 2211 indo
1053 2152 1195 2228 apparet,
1218 2148 1304 2228 quod

245 2257 428 2339 superficies
460 2277 568 2323 earnm
600 2259 671 2339 ipsa
693 2277 712 2322 a
735 2259 900 2323 statuariis
923 2258 1110 2340 plemmque
1133 2277 1250 2340 aspera
1272 2265 1304 2324 et

242 2370 396 2435 undulata
414 2368 553 2451 fingitur.
584 2370 755 2435 Praeterea
777 2369 913 2434 lineolae
936 2369 1009 2435 illae
1024 2371 1152 2451 saepius
1167 2389 1229 2435 nou
1247 2387 1306 2451 per

243 2487 345 2545 totam
367 2487 487 2547 vestem
509 2487 716 2563 permanant,
748 2483 804 2545 sed
833 2501 892 2562 per
920 2485 1044 2562 partem
1075 2483 1143 2547 eius
1166 2482 1304 2563 aliquam

240 2592 325 2671 (aide
347 2593 439 2674 iufra
461 2595 505 2673 4),
536 2612 606 2659 oum
638 2593 760 2673 reliqua
782 2594 882 2658 vestis
912 2600 1017 2657 rectas
1046 2611 1142 2675 rugas
1175 2591 1304 2673 efficiat,

243 2706 337 2785 quod,
361 2706 388 2769 si
411 2723 508 2770 causa
530 2705 687 2769 undarum
710 2703 831 2768 formae
855 2723 874 2767 a
895 2705 1029 2767 materie
1053 2709 1139 2768 esset
1155 2705 1304 2785 petenda,

242 2835 262 2880 a
283 2820 399 2880 natura
422 2815 617 2881 abhorreret.
641 2815 725 2892 Quid
747 2820 854 2880 autem
872 2813 1085 2879 Studniozkae
1099 2813 1206 2894 verba,
1223 2833 1304 2894 quae

244 2946 341 3008 supra
363 2927 466 3007 attuli,
489 2928 550 2993 sibi
571 2927 681 3005 velint,
704 2946 766 2991 non
786 2926 937 3006 intellego
958 2944 1061 3006 neque
1083 2925 1181 2990 talem
1203 2932 1304 2990 mate-

244 3039 321 3103 riem
344 3041 453 3104 autin
476 3040 594 3104 museis
618 3038 826 3119 ethnologiois
848 3037 981 3119 aliisque
1004 3040 1060 3100 aut
1082 3038 1167 3117 apud
1183 3055 1303 3101 merea-

244 3157 330 3216 tores
353 3152 468 3216 inveni.
500 3190 541 3198 —
571 3150 714 3215 Boohlau
745 3150 806 3214 sibi
834 3151 903 3230 ipse
929 3152 1096 3231 repugnat.
1141 3145 1224 3212 Nam
1246 3148 1307 3213 hoo

242 3267 317 3326 ante
339 3264 445 3327 omnia
468 3265 605 3344 primum
621 3262 825 3327 statuendum
841 3267 937 3342 puto:
961 3279 1069 3325 omnes
1091 3261 1224 3326 lineolas
1246 3281 1304 3325 un-

242 3374 370 3439 dulatas
392 3394 456 3438 uno
479 3376 653 3454 eodemque
675 3374 769 3466 modo
792 3392 863 3439 esse
886 3373 1098 3454 explicandas.

328 3485 511 3551 Invenimus
534 3487 633 3567 igitur
655 3483 727 3548 illas
750 3504 847 3566 rugas

329 3597 364 3678 1)
386 3599 418 3661 in
447 3597 553 3662 linteis
583 3598 723 3661 virorum
754 3597 870 3660 tunicis
900 3595 1019 3677 longis:
1052 3595 1136 3675 apud
1163 3592 1304 3674 Peleum,

243 3708 462 3790 Heydemann,
477 3708 740 3790 griechVasonb.
757 3706 804 3770 Ti.
817 3707 872 3785 VI,
887 3707 908 3769 4
924 3706 980 3787 (=
991 3705 1147 3782 Booblou,
1161 3704 1213 3787 pip.
1230 3707 1283 3786 10)
1297 3727 1304 3786 ;

244 3821 415 3900 Bacchum,
438 3821 562 3888 Mitteil.
585 3841 614 3886 v.
639 3820 742 3884 Athen
767 3819 860 3899 1882,
883 3818 931 3882 Tf.
954 3816 990 3897 33
1024 3817 1177 3897 aurigam,
1208 3816 1305 3881 Gerh.

245 3935 282 3998 A.
306 3933 343 3996 V.
366 3932 402 3997 B.
426 3933 553 4015 arelao,
576 3932 685 3996 Jahrb.
711 3929 802 4010 1889,
825 3928 874 3993 Tf.
899 3930 953 4008 103

331 4045 365 4127 2)
388 4046 420 4109 in
442 4044 591 4109 brevibus
614 4042 861 4108 adulescentium
885 4041 1020 4105 tunicis:
1044 4039 1083 4106 oi.
1100 4057 1158 4105 ras
1174 4040 1305 4106 Duridis
