3120 4784
664 407 877 473 „23-

240 577 365 644 voluit?
397 575 484 643 Nihil
505 578 567 644 nisi
589 578 792 645 tenuissimas
813 579 925 660 plicas,
947 598 1030 662 quae
1051 579 1102 644 his
1117 579 1196 645 locis
1210 579 1305 646 valde

241 688 444 756 cumulantur
465 693 499 756 et
521 689 584 756 illis
606 689 757 772 gravibus
778 689 880 756 multo
903 691 1065 757 tenuiores
1087 696 1171 756 sunt
1215 690 1305 768 Quae

241 801 402 867 sententia
423 801 469 866 eis
491 801 644 882 exemplis
668 801 740 881 (aab
762 803 825 882 3a)
849 803 1037 884 adiuvatur,
1067 800 1121 867 ubi
1144 801 1304 884 simplices

240 913 343 995 plicas
373 911 519 995 obliquas
550 911 635 978 circa
664 919 777 995 pectus
808 919 864 979 aut
894 930 988 978 crura
1018 913 1111 979 lineis
1141 913 1305 979 undulatis

242 1041 410 1105 expresses
432 1025 532 1089 vides.
575 1023 661 1106 Ergo
684 1041 782 1105 rugae
805 1044 867 1090 non
889 1025 1035 1092 materiei
1057 1030 1141 1106 sunt,
1171 1025 1229 1092 sed
1250 1043 1305 1089 ve-

244 1134 313 1201 stis.
351 1133 415 1200 Cur
438 1135 531 1217 enim,
555 1135 582 1201 si
604 1137 747 1202 intextae
768 1142 887 1218 essent,
910 1156 973 1204 non
996 1157 1054 1220 per
1068 1139 1169 1202 totam
1185 1142 1306 1203 vestem

244 1246 494 1313 continuantur?

326 1360 408 1425 Item
430 1359 462 1425 in
485 1359 594 1426 linteis
616 1360 757 1425 virorum
779 1361 897 1427 tunicis
913 1379 981 1428 rem
997 1378 1069 1428 sese
1083 1360 1202 1427 habere
1216 1366 1306 1444 puto,

112 1525 114 1530 .
243 1471 310 1536 sive
338 1475 413 1536 sunt
442 1470 561 1554 magis,
590 1471 657 1538 sive
687 1471 792 1538 minus
821 1477 963 1554 rugatae.
1017 1471 1133 1538 Confer
1162 1472 1307 1555 exempla

244 1581 302 1648 sub
328 1583 343 1647 1
368 1581 474 1648 allata.

333 1691 396 1759 Sed
427 1692 528 1759 multo
554 1695 703 1776 graviora
728 1695 873 1761 conicere
895 1713 1074 1776 possumus.
1120 1693 1200 1760 (lum
1222 1696 1306 1761 enim

241 1806 274 1871 in
297 1805 398 1872 laneis
420 1804 564 1872 vestibus
586 1806 688 1887 plicas
710 1812 815 1872 rectas
832 1811 865 1871 et
887 1808 1060 1873 undulatos
1087 1808 1236 1889 coniungi
1259 1807 1305 1871 vi·

244 1916 402 1999 decimus,
434 1917 519 1982 idem
550 1918 582 1982 in
613 1917 721 1983 linteis
748 1924 937 1999 exspectare
966 1937 1145 2000 possumus.
1168 1914 1170 1918 ’
1190 1917 1232 1983 Et
1260 1916 1306 1983 fit.

243 2029 326 2094 Nam
348 2047 369 2093 a
389 2028 537 2096 muliebri
558 2027 663 2112 figura
684 2028 717 2093 in
740 2027 872 2110 Ephem.
896 2029 1005 2095 tabula
1022 2029 1113 2110 VIII,
1138 2029 1155 2094 7
1179 2049 1307 2111 reprae-

244 2145 380 2222 sentem,
403 2159 485 2224 quae
507 2141 635 2223 longam
658 2140 799 2205 tunicam
822 2146 855 2205 et
877 2140 1012 2222 simplex
1033 2140 1166 2223 pallium
1189 2148 1305 2224 gestat,

243 2252 383 2318 tunicam
397 2254 489 2318 laeva
503 2269 599 2318 manu
615 2250 773 2317 sublatam
789 2250 946 2331 videmus3
969 2251 1072 2333 plicae
1087 2258 1202 2334 autern,
1226 2272 1307 2337 quas

244 2369 460 2445 manutenet,
482 2364 515 2429 in
538 2363 698 2430 anteriore
720 2369 813 2445 parte
835 2369 944 2430 rectae
959 2369 1042 2430 sunt.
1072 2364 1188 2449 Itaque
1210 2365 1306 2431 etiarn

243 2475 295 2541 hic
316 2476 491 2542 undulatae
512 2477 616 2542 lineae
638 2477 669 2540 in
686 2480 790 2540 rectae
806 2480 980 2541 mutantur.
1010 2475 1100 2541 Idem
1116 2473 1154 2540 fit
1168 2477 1201 2543 in
1216 2481 1307 2543 veste

244 2587 357 2653 similis
377 2587 499 2671 figurae
522 2586 666 2668 (Mitteil.
684 2587 714 2652 ol.
729 2587 835 2652 aldea.
851 2585 933 2652 Inst.
957 2591 1043 2666 1886,
1061 2585 1112 2669 Τί.
1127 2585 1193 2666 ΙΧ,
1208 2589 1242 2670 2)
1256 2588 1307 2669 ¹⁵)

244 2704 278 2765 et
299 2700 443 2766 mulieris
465 2699 630 2765 adorantis
652 2699 823 2782 anaglyphi
840 2699 1006 2765 cuiusdam
1026 2697 1306 2780 (Brona-Bruct-

244 2829 344 2873 mrmn
374 2830 424 2875 no.
452 2809 512 2874 17t
532 2839 574 2862 =
597 2808 733 2888 Scitne,
775 2807 898 2891 Reliefs
926 2829 977 2874 rao.
1003 2809 1087 2890 122),
1118 2809 1172 2875 ubi
1203 2809 1306 2892 plicae

244 2921 442 2987 manicarum
464 2920 646 3002 undulatam
669 2921 812 3005 reliquae
828 2920 971 2987 eiusdem
985 2921 1084 2986 vestis
1098 2926 1206 2986 rectae
1222 2925 1307 2988 sunt.

329 3033 440 3117 Neque
462 3033 557 3100 aliter
571 3025 764 3099 ‘chitonisci'
788 3033 846 3114 illi,
875 3051 954 3114 quos
976 3032 1119 3097 Boehlau
1147 3032 1306 3098 invenisse

246 3144 308 3211 sibi
330 3146 466 3225 videtur,
489 3143 667 3226 explicandi
689 3149 772 3209 sunt.
796 3145 937 3209 Primum
960 3143 1153 3225 consideres
1177 3163 1306 3228 quaeso,

244 3257 408 3324 mulierem
431 3257 628 3338 adorantem,
650 3275 731 3341 quae
754 3257 787 3321 in
809 3255 988 3338 anaglypho
1004 3273 1102 3337 supra
1117 3273 1306 3320 commemo-

335 3521 384 3594 15)
407 3517 549 3577 Similiter
571 3517 688 3594 saepius
710 3517 742 3575 in
763 3516 858 3576 lintea
880 3521 962 3575 veste
985 3516 1062 3574 eirea
1081 3522 1112 3576 et
1125 3515 1206 3574 inter
1220 3533 1307 3573 crura

243 3624 275 3682 in
298 3621 446 3682 anteriore
468 3625 678 3696 parleremo,
702 3619 733 3677 in
756 3619 921 3696 posteriore
944 3617 1134 3678 tenuissimae
1157 3615 1305 3696 obliquae,

243 3725 392 3786 interdum
416 3725 506 3783 rubro
522 3723 619 3782 colore
634 3722 730 3800 pictae
745 3721 935 3799 reperiuntur
956 3719 1063 3797 (lilerio,
1084 3718 1269 3796 Euphronius
1280 3716 1306 3794 ²,

241 3850 274 3910 p.
292 3831 372 3900 280,·
390 3823 548 3904 Beronices,
564 3825 679 3903 grr'ecl.
697 3825 754 3880 siz.
773 3825 841 3880 Vas.
865 3819 910 3898 Τί.
926 3824 975 3891 31,
993 3820 1055 3892 2t;
1082 3823 1142 3880 Bm.
1153 3819 1215 3897 fig.
1228 3822 1301 3892 928,

242 3952 272 4010 p.
288 3931 367 4009 847).
404 3930 515 3989 Tamen
537 3947 626 3988 unam
649 3932 680 3988 et
701 3925 824 3986 eandem
847 3944 910 3985 eree
932 3929 1045 3985 vestem
1068 3943 1155 3984 nemo
1171 3927 1217 3984 est
1232 3925 1304 4006 quin

243 4034 394 4095 concedat.
497 4099 501 4108 ,
