3120 4784
737 401 950 468 ..12-

399 567 480 640 Oum
509 571 612 655 igitrm
629 567 731 652 χιτών
750 569 897 661 ποδήρης
922 573 1043 639 ariris
1066 574 1190 656 graecis
1212 573 1299 642 circa
1321 591 1401 642 an-

314 702 388 750 num
404 684 470 750 700
488 690 546 750 aut
567 690 681 768 postea
702 691 851 767 receptus
864 687 1012 754 uideatur
1026 685 1137 769 fuisso,
1152 687 1194 755 ab
1210 688 1397 772 Aegyptiis

314 794 520 862 autGhetitis
537 813 609 874 eum
627 796 660 862 in
670 795 837 866 Graeciam
854 799 1038 881 pervenisse
1052 814 1115 864 non
1130 797 1305 866 verisimile
1317 806 1390 867 est.

313 905 395 972 Nam
425 906 473 972 illi
504 908 590 974 circa
618 927 736 976 annum
760 909 824 974 650
852 912 979 976 mnam
1000 910 1133 980 Graecis
1154 913 1389 994 permiserunt,

314 1021 351 1084 ut
372 1017 406 1084 in
427 1019 576 1103 Aegypto
597 1021 754 1088 coloniam
775 1021 956 1102 conderent,
979 1039 1042 1104 que
1063 1041 1099 1090 re
1121 1023 1226 1106 prima
1242 1022 1386 1090 Graecia

314 1147 384 1196 cum
407 1130 554 1214 Aegypto
586 1134 706 1199 amtius
728 1133 992 1214 connectebatnr3
1018 1139 1188 1216 praeterea
1209 1135 1305 1218 longa
1326 1143 1385 1202 tu-

313 1241 386 1308 nica
408 1244 449 1309 ab
465 1242 694 1327 Aegyptiorum
717 1247 847 1312 uestitu
859 1260 986 1328 semper
1008 1246 1113 1314 atiena
1128 1247 1264 1328 quodam
1283 1249 1381 1312 modo

314 1329 443 1421 videaur
472 1356 639 1427 marianae.
684 1355 807 1423 Horum
838 1363 945 1424 autem
968 1392 1009 1406 --
1030 1356 1232 1425 Ohetitarnm
1255 1395 1297 1407 -
1319 1361 1380 1425 im-

314 1466 438 1546 perium
460 1485 610 1552 magnum
634 1471 739 1553 magis
753 1471 921 1554 magisque
934 1471 1126 1537 diminutum
1141 1481 1229 1552 eraa3
1251 1471 1380 1555 Assyrii

315 1595 373 1660 per
402 1579 521 1646 multos
550 1599 652 1648 aanor
679 1582 763 1648 bello
792 1601 845 1649 eos
868 1584 1028 1666 persecuti
1050 1599 1134 1648 anno
1156 1583 1217 1648 717
1241 1582 1380 1665 denique

315 1689 418 1757 totius
448 1694 538 1776 regni
565 1693 659 1760 finem
688 1700 867 1776 posuerunt
897 1695 953 1778 (E.
975 1695 1101 1780 Meyer,
1127 1694 1238 1762 essee.
1262 1696 1292 1760 d.
1312 1693 1380 1761 Ait.

308 1823 345 1884 p.
359 1805 444 1886 m).
488 1802 552 1871 Sed
563 1823 614 1872 ¹ne
636 1825 657 1871 a
672 1805 884 1873 Phoenicibus
900 1808 1029 1890 quidem
1044 1812 1165 1874 vestem
1182 1808 1225 1872 ad
1240 1805 1381 1874 Graecos

315 1916 471 1984 transisse
493 1917 554 1984 tibi
576 1919 782 2001 persuadeas.
829 1919 912 1985 Nam
934 1919 1095 1986 homerica
1116 1925 1224 1985 aetate
1244 1918 1278 1983 in
1301 1919 1380 1986 Asia

315 2026 437 2093 minore
456 2028 539 2094 nihil
561 2030 625 2095 mm
647 2032 813 2113 valebant3
844 2051 906 2097 non
936 2031 1057 2098 incolae
1083 2031 1134 2097 vel
1158 2025 1259 2096 coloni
1282 2032 1379 2098 Asiae

315 2143 348 2204 et
362 2139 527 2220 Graeciae,
549 2142 604 2224 qni
626 2141 765 2210 tortasse
785 2145 860 2210 oiim
881 2142 1019 2223 sumunt,
1040 2144 1099 2209 sed
1113 2149 1307 2210 mercatores
1318 2161 1378 2225 per

313 2249 421 2316 orbem
438 2256 596 2320 terrarum
610 2257 780 2339 pervagati
794 2257 990 2322 inducuntur
1005 2253 1258 2336 (Panamara,
1274 2254 1372 2320 Ptoo-

312 2362 424 2444 aanor,
434 2384 470 2446 μ
484 2368 543 2425 279
560 2370 649 2451 spa).
694 2368 933 2434 imitantem
956 2372 1060 2449 gente,
1082 2367 1214 2449 insuper
1236 2367 1371 2451 plerum·

312 2493 373 2556 que
396 2481 588 2560 contempta,
612 2478 752 2547 Graecos
775 2481 931 2546 adductos
954 2497 1025 2545 esse
1047 2479 1090 2544 ad
1111 2473 1385 2563 novum-er'gms

313 2586 479 2652 vissimum
492 2606 613 2656 morem
627 2606 703 2657 sese
709 2591 868 2660 vestiendi
882 2592 1078 2672 sequendum
1089 2591 1144 2658 vix
1154 2591 1374 2673 crediderim).

315 2697 423 2775 Quare
451 2698 588 2767 maxime
619 2710 865 2770 consentaneum
890 2707 941 2770 est
963 2704 1147 2770 existimare
1169 2703 1209 2769 ab
1232 2703 1377 2784 Assyriis

312 2829 425 2877 novam
448 2817 580 2895 vestem
603 2820 640 2880 ut
661 2813 894 2882 adPhoeniees
916 2820 951 2882 et
965 2817 1152 2900 Aegyptios,
1175 2815 1222 2879 ita
1238 2813 1270 2876 in
1286 2831 1373 2875 oram

312 2922 410 2989 maris
440 2924 559 3008 Aegaei
588 2927 771 3008 asiaticam,
801 2929 876 2994 inde
906 2929 939 2992 in
969 2927 1139 2994 Graeciam
1169 2924 1272 3005 ipsam
1303 2936 1374 2984 esse

312 3039 559 3118 transgressam.
593 3040 674 3106 Nam
696 3044 866 3123 postquam
882 3038 1140 3120 Tigna-Piliam,
1163 3032 1294 3113 Sargon,
1317 3028 1373 3095 alii

313 3164 404 3228 reges
426 3167 535 3215 eorum
558 3158 669 3218 octauo
688 3152 815 3218 saeculo
831 3151 964 3234 Syriam,
980 3147 1130 3229 cyprum,
1143 3147 1257 3225 postea
1277 3141 1374 3206 etiam

313 3256 456 3324 Ciliciam
472 3261 532 3328 snb
547 3268 740 3344 potestatem
756 3278 847 3328 suam
863 3260 1064 3340 redegerunt,
1079 3259 1249 3338 postquam
1258 3251 1375 3319 Graeci

313 3368 346 3433 in
361 3369 477 3437 cilicie
490 3389 561 3437 eum
577 3373 719 3455 AssyriIs
735 3372 853 3439 bellum
868 3374 1038 3454 gessen-nint
1052 3367 1108 3449 (E.
1119 3367 1245 3450 Meyer,
1264 3365 1373 3434 (ieret.

312 3527 402 3588 liotae
425 3528 515 3604 longa
537 3528 637 3588 tunica
650 3525 654 3533 “
669 3527 808 3588 dicuntur
836 3527 882 3587 usi
905 3544 979 3599 esse,
1010 3544 1099 3606 quam
1127 3543 1145 3584 a
1174 3523 1373 3588 Phoenicibus

313 3649 364 3691 eos
386 3632 533 3709 recepisse
556 3629 690 3690 conicere
712 3629 821 3703 malim,
845 3649 932 3709 quam
955 3648 973 3687 a
997 3627 1125 3690 Graecis.

400 3732 433 3812 9)
455 3733 541 3798 Quod
559 3731 704 3792 Herodoti
722 3733 821 3794 verbis
843 3733 902 3810 (V,
918 3727 968 3809 88)
990 3731 1167 3807 confirmari,
1190 3731 1242 3812 qui
1256 3731 1372 3806 longam

312 3836 443 3899 tunicam
475 3835 596 3912 linteam
627 3853 687 3895 non
718 3835 925 3914 aegyptiacam
944 3839 1006 3916 'aut
1025 3834 1224 3912 phoeniciam,
1255 3835 1306 3893 sod
1328 3851 1373 3892 oa-

312 3939 403 4000 ricam
426 3937 564 4015 appellat,
587 3938 766 3999 contendere
789 3957 849 3998 uon
872 3938 975 4011 audeo,
998 3936 1069 4020 quia
1090 3956 1125 3997 eo
1147 3937 1266 4022 loco-de
1287 3934 1374 3994 muli·

313 4061 395 4103 erum
417 4041 528 4124 uestitu
550 4039 613 4102 solo
636 4041 743 4120 agitur.
