3120 4784
678 437 891 508 „47-

253 635 314 698 que
336 613 491 680 artificem
509 615 617 680 studio
632 614 800 680 varietatis
816 622 1007 679 commotum
1024 613 1125 680 inisse
1139 623 1172 680 et
1186 632 1320 681 mmmc-

253 727 320 792 neri
342 726 492 792 debuisse
507 725 742 806 cognoscimus:
766 725 853 805 apud
877 725 1017 806 virgines
1033 725 1211 806 reperimus
1233 726 1320 790 tuni-

255 857 323 904 cam
347 837 536 901 manicatam
561 843 592 901 et
615 855 675 900 non
699 835 908 914 manicatam,
939 836 1072 901 ionicam
1103 844 1136 901 et
1157 837 1320 918 doricam;

256 951 342 1032 apud
364 949 487 1030 equites
511 949 603 1010 modo
618 948 757 1012 tunicam
781 947 880 1011 solam
904 953 960 1012 ant
976 947 1126 1012 brevibus
1143 955 1200 1011 aut
1215 949 1320 1030 longis

255 1059 387 1126 manicis
403 1061 603 1140 instructam,
627 1059 720 1122 modo
735 1057 931 1140 chlamydem
949 1059 1060 1140 solam,
1084 1060 1177 1123 modo
1198 1071 1320 1123 utram·

253 1192 314 1255 que
337 1171 534 1254 (Michaelis,
558 1169 747 1237 Parthenon
773 1168 875 1252 TflX
898 1173 990 1252 squ).
1036 1168 1120 1246 Quid
1143 1171 1320 1253 reperimus

257 1286 341 1366 apud
363 1283 513 1365 pedites?
556 1283 700 1348 Eandem
723 1281 851 1363 quidem
874 1282 1081 1347 varietatem:
1113 1282 1244 1362 pallium
1267 1282 1320 1348 hic
1429 1295 1432 1300 ·

257 1396 339 1461 circa
361 1413 455 1461 coxas
477 1392 617 1476 positum
641 1400 708 1473 est,
737 1393 803 1458 illic
825 1411 923 1474 supra
945 1392 1055 1458 ambos
1078 1392 1243 1473 humeros,
1274 1394 1321 1458 ita

258 1515 293 1572 ut
316 1514 417 1572 totum
452 1524 567 1588 corpus
589 1505 723 1588 veletur,
748 1505 866 1587 partim
899 1523 997 1586 supra
1028 1505 1171 1585 laevum,
1202 1506 1320 1587 partim

254 1636 354 1700 supra
369 1619 525 1682 dextrum.
565 1617 627 1681 Sed
649 1617 757 1681 tunica
772 1616 888 1698 ubique
902 1616 1025 1681 frustra
1047 1617 1221 1697 quaeritur.
1256 1615 1321 1681 (lun

255 1751 316 1795 nou
340 1730 436 1795 etiam
467 1727 659 1814 vestimenta
689 1729 760 1810 ipsa
792 1727 918 1793 variare
949 1728 1054 1809 potuit
1086 1725 1226 1791 artifex?
1269 1727 1322 1791 Illi

255 1842 398 1908 tribuere
421 1839 560 1904 tunicam
576 1847 609 1906 et
624 1839 767 1920 pallium,
788 1839 863 1905 huic
884 1839 1015 1922 pallium
1032 1838 1142 1917 solum,
1159 1845 1195 1903 ut
1215 1837 1320 1903 cuius-

257 1955 330 2017 dam
353 1953 439 2016 vasis
461 1951 568 2031 (Mna.
591 1951 691 2029 ΠΗ,
715 1955 766 2030 27)
788 1951 901 2032 pictor,
933 1951 982 2016 cui
999 1951 1055 2015 illa
1073 1955 1180 2022 aetate
1194 1949 1321 2029 licebat,

258 2063 354 2129 alium
386 2063 493 2127 tunica
515 2063 609 2144 longa
639 2069 671 2127 et
694 2061 802 2144 pallio,
836 2062 933 2127 alium
957 2062 1057 2144 pallio
1079 2062 1146 2127 solo
1169 2063 1320 2128 restitum

259 2176 410 2240 induxit?
454 2175 608 2240 Excusari
642 2193 702 2238 uon
727 2181 833 2255 potest
855 2194 909 2256 eo,
941 2175 1026 2255 qnod
1049 2174 1190 2254 corporis
1222 2173 1322 2256 pallio

251 2286 328 2352 'solo
351 2288 457 2354 induti
479 2286 750 2368 pulchritudinem
773 2287 994 2351 demonstrare
1016 2286 1125 2351 uoluit.
1169 2285 1251 2350 Nam
1265 2304 1322 2352 cnr

141 2489 143 2494 Ι
258 2419 329 2480 non,
352 2401 380 2466 si
402 2400 436 2464 id
459 2398 620 2478 studebat,
644 2398 901 2464 adulescentibus
925 2399 1033 2463 tunica
1050 2398 1182 2480 dempta
1203 2397 1321 2480 ubique

259 2511 457 2594 chlamydem
481 2511 580 2577 solam
613 2510 729 2575 dedit?
773 2511 874 2574 Immo
904 2511 999 2574 etiam
1029 2527 1145 2592 corpus
1176 2510 1321 2591 pluribus

260 2623 403 2687 vestibus
435 2622 574 2689 velatum
608 2623 776 2687 ostendere
806 2622 967 2687 studebat.
1012 2621 1106 2699 Quod
1138 2639 1195 2685 cur
1216 2621 1322 2684 minus

259 2731 427 2814 pulchrum
457 2735 510 2812 sit,
542 2733 684 2814 intellegi
715 2751 778 2797 non
809 2739 925 2814 potest.
985 2734 1098 2814 ltaque
1130 2729 1263 2812 artifex,
1294 2731 1321 2795 si

257 2844 434 2924 potuisset,
464 2861 583 2908 morem
615 2850 760 2921 secutuS,
790 2844 886 2908 etiam
910 2844 988 2909 viris
1011 2851 1077 2908 tum
1102 2842 1242 2907 tunicam
1266 2843 1321 2907 de·

260 2957 371 3035 disset,
394 2960 461 3018 tum
493 2973 555 3018 non
579 2955 731 3020 dedisset.
781 2953 845 3020 Sed
865 2935 941 3020 Nmos
975 2953 1182 3036 repugnabat.
1226 2952 1322 3018 Nullo

148 3083 150 3087 ’
259 3068 322 3132 alio
345 3068 438 3131 modo
467 3066 619 3148 explicari
649 3073 757 3148 potest
810 3066 1094 3148 Quantumcunque
1126 3067 1226 3148 igitur
1250 3067 1321 3130 miri

259 3179 290 3243 in
316 3198 354 3243 ea
376 3198 412 3244 re
433 3179 539 3244 inesse
556 3186 686 3244 nostrae
709 3184 843 3243 naturae
858 3179 995 3258 ridetur,
1019 3177 1230 3245 confitendum
1254 3187 1321 3243 est:

258 3291 469 3356 Athenienses
493 3307 553 3357 non
577 3292 677 3356 solum
709 3310 771 3355 non
795 3292 934 3356 tunicam
958 3291 1088 3356 linteam
1119 3292 1243 3372 longam
1269 3291 1321 3355 ubi

258 3403 395 3482 orimum
429 3404 664 3485 deposuerunt,
694 3404 752 3469 sed
781 3403 908 3467 omnino
938 3402 1057 3467 nullam
1090 3403 1228 3469 tunicam
1262 3401 1321 3467 sub

258 3515 356 3595 pallio
378 3514 557 3596 gestabant.

347 3627 413 3690 Iam
438 3627 606 3691 redeamus
629 3627 670 3690 ad
694 3625 921 3710 Thucydidem,
952 3627 1041 3692 cuius
1071 3626 1169 3692 verba
1191 3645 1321 3708 prorsus

259 3737 354 3802 aliter
384 3737 535 3818 explicari
566 3737 702 3818 debent,
733 3747 829 3820 atque
860 3738 899 3804 ab
930 3738 1126 3805 Studniczka
1163 3737 1321 3819 explicata

257 3856 340 3913 sunt.
385 3848 524 3914 Tunicae
540 3849 658 3914 linteae
672 3868 733 3913 non
749 3851 877 3914 omnino
892 3852 1105 3932 deponuntur,
1120 3869 1192 3914 nam
1209 3849 1320 3914 breves

257 3961 353 4024 etiam
382 3967 496 4041 postea
526 3961 730 4026 inveniuntur
751 3998 793 4006 —
816 3961 938 4044 scilicet
964 3979 1032 4026 cum
1057 3961 1224 4043 chlamyde
1247 3979 1317 4026 con·

256 4072 384 4137 iunctae
411 4107 463 4152 —,
495 4073 552 4137 sed
583 4078 707 4138 tantum
731 4072 854 4155 longae.
912 4071 962 4136 Τὸ.
979 4066 1190 4157 ἁβροδίαιτον
1213 4078 1319 4137 autem
