3120 4784
652 455 864 518 ...49-

228 623 328 706 (Plus.
351 622 438 688 Mor.
465 644 500 705 p.
523 627 582 682 210
609 623 652 704 0,·
681 624 754 691 Aa.
783 625 818 692 V.
841 625 870 689 h.
901 623 1060 705 V11,13;
1086 626 1173 694 Ρίαί.
1195 628 1289 712 Apes.

227 742 273 815 14,
288 742 325 816 43
357 733 451 818 Dtoy.
473 738 583 803 baert.
606 736 663 816 Vl,
686 743 712 816 1,
735 743 796 817 13,·
817 737 904 802 Plat.
921 736 1010 803 Prot.
1028 757 1063 818 p.
1089 743 1149 797 342
1175 737 1215 820 Ο)
1229 741 1288 822 ³⁴).
1337 760 1339 764 ⁷

314 855 378 920 Sed
415 853 454 918 de
482 848 730 915 Atheniensibus
769 867 893 932 quoque
926 847 1006 929 ipsis
1039 847 1114 913 libri
1145 853 1289 915 veterum

227 964 448 1048 perscrutandi
471 967 555 1041 sunt,
582 962 660 1044 quid
683 958 765 1026 forte
788 961 829 1025 de
852 980 890 1026 ea
913 980 948 1026 re
971 961 1113 1025 doceant.
1156 961 1204 1026 Ac
1226 961 1291 1042 pri-

193 1158 198 1166 ·
228 1096 313 1142 mum
336 1076 375 1142 ab
398 1074 578 1141 hominibus
600 1073 704 1138 doctis
726 1091 851 1154 semper
872 1065 991 1157 γυμνός
1020 1071 1099 1137 illud
1122 1070 1291 1154 profertur,

228 1207 291 1270 qno
322 1188 381 1254 nisi
410 1187 549 1253 tunicam
581 1185 640 1252 snb
672 1183 769 1267 pallio
799 1189 959 1265 gestatam
990 1201 1059 1249 esse
1088 1185 1290 1250 contendunt.

228 1301 275 1365 Re
304 1319 378 1367 vero
409 1306 441 1364 et
469 1300 554 1363 viros
585 1302 618 1363 et
647 1296 795 1361 mulieres
824 1313 1016 1377 quamquam
1048 1295 1157 1360 tunica
1186 1295 1291 1360 induti

228 1411 299 1492 sint,
315 1412 416 1477 nudos
431 1409 587 1493 appellari
603 1408 711 1490 negari
727 1426 788 1472 non
804 1412 918 1488 potest.
963 1405 1044 1470 Nam
1061 1406 1291 1488 Aristophanes

227 1524 258 1588 in
279 1523 352 1608 Lys
376 1543 405 1591 v.
431 1523 491 1590 150
515 1519 695 1586 Oalonicam
718 1517 796 1583 facit
817 1518 993 1585 dicentem:

379 1625 442 1698 κάν
464 1633 536 1707 τοῖς
556 1624 737 1710 χιτωνίοισι
759 1630 831 1706 τοῖς
854 1621 1043 1715 ἇμοργίνοις

379 1741 498 1828 γυμναὶ
520 1737 697 1828 παρίοιμεν

227 1860 271 1924 Et
290 1853 765 1937 loannesevangelista(XX1‚
782 1856 813 1938 7)
828 1851 965 1942 Πέτρος,
988 1855 1100 1937 inquit,
1114 1852 1171 1919 τὸν
1192 1850 1289 1918 ἐπεν-

228 1965 324 2052 δύτην
347 1961 528 2046 διεζώσατο
551 2002 592 2012 -
615 1957 652 2053 ἦν
683 1963 743 2052 γὰρ
765 1961 883 2050 χνμνός
903 2001 944 2013 -
961 1963 1016 2030 καὶ
1038 1961 1153 2049 ἔβαλεν
1176 1961 1289 2032 ἑαυτὸν

224 2074 272 2154 εἰς
293 2074 349 2166 τὴν
369 2073 553 2142 θάλασσαν.
598 2077 674 2143 Loci
697 2083 784 2142 certe
810 2078 921 2160 augeri
943 2084 1074 2160 possunt
1098 2081 1154 2162 (of.
1172 2079 1290 2162 Stepb„

228 2191 381 2257 Thesara.
419 2212 442 2255 s.
479 2190 507 2254 b.
544 2189 594 2272 ο.).
656 2187 719 2255 Sed
756 2206 881 2271 semper
918 2209 937 2252 a
974 2189 1104 2255 Graecis
1137 2190 1290 2257 vocabulo

225 2297 345 2386 γυμνός
374 2302 516 2367 homines
545 2300 654 2366 tunica
683 2300 813 2367 indutos
843 2337 885 2348 -
919 2300 948 2366 si
969 2301 1099 2381 quidem
1130 2303 1173 2367 ad
1194 2302 1290 2367 vesti-

225 2420 331 2480 menta
353 2421 479 2497 spectat
501 2449 542 2468 -
564 2411 758 2496 significatos
781 2411 880 2479 luisse
903 2412 1115 2478 demonstrari
1136 2431 1197 2478 non
1221 2418 1291 2494 pot·

227 2533 285 2592 est.
330 2527 399 2605 Quo
428 2525 510 2590 enim
535 2525 630 2591 verbo
652 2525 807 2590 utendum
838 2529 926 2605 erat,
958 2523 985 2589 si
1012 2543 1046 2588 re
1069 2543 1145 2589 vera
1175 2525 1291 2607 aliquis

228 2638 332 2701 nudus
354 2637 566 2714 cernebatur?
609 2635 736 2720 Phryne
751 2636 880 2716 quidem
899 2634 1043 2716 quamvis
1066 2635 1205 2702 chitonio
1227 2656 1290 2702 non

228 2747 341 2812 induta
355 2747 441 2811 nuda
462 2746 622 2829 apellatur
646 2748 733 2828 apud
749 2746 948 2812 Athenaeum
966 2745 1088 2828 (XIII,
1107 2769 1142 2830 p.
1164 2751 1228 2807 590
1241 2750 1288 2832 0:

229 2853 346 2943 διόπερ
370 2849 445 2921 οὐδὲ
467 2852 580 2944 ῥᾴδιον
603 2847 640 2943 ἦν
662 2849 759 2943 αὐτὴν
773 2852 856 2921 ἰδεῖν
878 2853 1013 2945 γυμνήν·
1031 2854 1205 2943 ἐχέσαρκον
1226 2856 1288 2941 γάρ

222 2965 373 3049 χιτώνιον
395 2961 580 3056 ἠμπείχετο.
625 2969 729 3050 Atque
752 2988 822 3035 cum
849 2969 987 3036 Graecos
1012 2973 1112 3036 nudos
1136 2970 1289 3036 dormisse

226 3101 321 3165 snpra
342 3081 524 3162 viderimus,
556 3081 653 3147 etiam
676 3081 920 3148 Eratosthenem
943 3082 1123 3147 adulterum
1147 3082 1288 3166 (LyeI,

223 3192 276 3275 24)
299 3199 333 3258 et
353 3193 546 3258 Pittalacnm
569 3194 612 3257 ed
634 3211 721 3258 aram
744 3192 916 3275 fugientem
938 3193 1151 3276 (Aeschini,
1174 3196 1231 3277 25)
1254 3214 1288 3261 re

225 3323 300 3369 vera
323 3305 423 3370 nudos
445 3302 544 3370 fnisse
566 3322 690 3370 sumere
712 3304 871 3370 debemus.
917 3303 980 3370 Sed
1002 3307 1128 3370 omnino
1150 3323 1210 3370 non
1232 3304 1289 3370 ho-

225 3415 325 3480 mines
341 3415 448 3481 tunica
463 3416 592 3482 indutos
613 3434 737 3497 semper
759 3417 860 3480 nudos
883 3415 946 3482 dici
962 3422 1096 3497 apparet
1110 3436 1128 3482 e
1143 3415 1288 3483 Platonis

225 3526 292 3592 loco
325 3528 460 3607 quodam
490 3527 579 3612 (Lep.
610 3527 696 3606 XII,
721 3549 757 3609 p.
780 3527 894 3609 eolo),
927 3546 989 3610 quo
1019 3528 1126 3593 inrare
1157 3528 1286 3611 quidam

225 3632 344 3720 χομνός
365 3629 385 3700 ’ί
405 3633 599 3718 χιτωνίσκον
621 3633 702 3719 ἔχων
725 3638 862 3734 iubetur,
878 3643 911 3703 et
925 3638 1154 3706 Demosthenes
1170 3639 1286 3725 (XXI,

312 3872 364 3949 34)
386 3873 418 3931 si
450 3835 543 3933 Gelon
572 3864 677 3950 ἀχίτων
700 3869 731 3931 ἐν
752 3870 857 3954 ίματίῳ
889 3892 954 3932 oum
976 3873 1122 3933 militibus
1145 3877 1285 3936 convenit

191 3971 195 3978 “
224 3975 346 4052 (θιόαον
372 3977 431 4046 XI,
457 3975 520 4054 26),
546 3976 636 4050 longo
657 3975 760 4036 tunice
781 3976 875 4035 lintea
898 3995 1002 4034 oorens
1024 3977 1223 4050 significatur,
1253 3978 1283 4034 id

224 4079 303 4159 quod
326 4083 389 4137 tum
411 4079 443 4136 in
467 4083 594 4156 tyranno
618 4080 724 4139 mirum
748 4086 820 4139 erat.

1059 4197 1077 4248 4
