3120 4784
712 387 923 456 -10-

286 578 348 642 que
369 563 565 641 poterentur.
610 559 709 642 Atqui
739 563 867 625 statuae
900 559 974 624 illae
1005 558 1071 625 solo
1100 558 1197 640 pallio
1226 559 1353 642 oblique

287 670 490 739 circumiecto
507 671 645 738 vestitae
666 675 750 737 sunt.
796 671 916 738 Tunica
939 672 1150 737 desideratur.
1185 671 1271 754 Engo
1295 689 1351 754 po-

286 782 421 849 steriore
443 782 569 848 domum
592 787 700 850 aetate
722 784 897 865 importata
917 788 968 848 est
990 787 1023 847 et
1044 781 1232 848 uocabulum
1254 777 1353 862 χιτών

286 893 416 976 linguae
437 895 746 961 sumero-aooadicae
768 914 839 961 esse
862 914 923 959 non
944 899 1061 976 potest.

374 1005 452 1072 Oum
474 1025 549 1074 vero
571 1008 667 1073 etiam
689 1027 709 1071 a
731 1007 885 1073 semitiois
906 1006 1024 1088 linguis
1039 1005 1176 1072 alienum
1192 1006 1351 1084 uideatur,

286 1118 428 1200 undique
442 1117 626 1186 obsidemur
641 1119 747 1198 nescii,
769 1138 832 1202 quo
846 1119 890 1186 sit
905 1116 1157 1200 confugiendum.
1195 1115 1352 1198 Tempora

288 1227 398 1294 futura
420 1230 587 1298 docebunt.
624 1231 706 1296 Utut
731 1250 783 1297 res
805 1229 968 1309 sehabet,
990 1229 1050 1294 hoo
1073 1248 1131 1310 pro
1154 1233 1240 1294 certo
1263 1226 1352 1293 affir-

289 1342 370 1406 mari
391 1347 517 1424 potest:
548 1342 687 1409 tunicam
718 1343 846 1409 brevem
876 1362 896 1408 a
918 1340 1102 1424 Babyloniis
1129 1341 1227 1406 etad
1250 1339 1352 1406 Phoe·

289 1453 385 1533 uices,
407 1454 554 1535 Iudaeos,
578 1455 752 1538 Aegyptios
775 1461 807 1520 et
829 1455 871 1519 ed
893 1459 1017 1520 veteres
1033 1452 1130 1519 Asiae
1152 1452 1284 1518 minoris
1304 1452 1353 1516 in-

289 1564 385 1646 colas,
408 1567 482 1632 inde
504 1569 547 1633 ad
569 1567 707 1634 Graecos
730 1568 818 1649 ipsos
839 1566 1030 1648 pervenisse.

374 1679 517 1762 Longam
554 1679 694 1746 tunicam
724 1679 856 1745 linteam
891 1677 992 1742 multo
1024 1675 1185 1758 posterius
1220 1672 1352 1741 Graecis

289 1791 469 1858 innotuisse
491 1810 591 1874 supra
613 1794 641 1858 si
663 1810 725 1857 non
744 1790 971 1870 demonstravi,
995 1795 1029 1854 at
1053 1793 1159 1854 tamen
1182 1785 1355 1853 verisimile

289 1921 360 1970 esse
391 1904 527 1970 ostendi.
581 1904 644 1970 Sed
675 1904 760 1969 unde
791 1905 833 1968 ad
863 1900 1004 1968 Graecos
1035 1900 1146 1968 venit?
1190 1897 1355 1964 Invenitur

290 2015 373 2080 enim
397 2016 483 2096 apud
506 2018 632 2081 easdem
655 2013 722 2081 fere
744 2020 865 2097 gentes,
895 2033 977 2097 quae
999 2013 1097 2079 etium
1127 2011 1216 2077 brevi
1244 2010 1355 2076 tunica

291 2127 481 2192 utebantur:
503 2128 666 2193 interdum
689 2128 775 2209 apud
798 2126 974 2209 Aegyptios
1004 2126 1058 2206 (ot.
1081 2123 1212 2190 Romsis
1227 2123 1274 2190 11
1291 2129 1354 2190 sto-

291 2242 389 2317 mom,
416 2239 458 2302 Ε.
480 2239 604 2322 Meyer,
638 2238 750 2305 Gessit.
772 2237 907 2321 Aeyypt.
930 2236 975 2301 αυλ
990 2257 1025 2318 p.
1047 2236 1134 2320 296),
1168 2219 1355 2319 saepissimo

290 2349 378 2431 apud
396 2348 573 2416 Chaldaeos
596 2357 628 2416 et
652 2349 801 2433 Assyrios
830 2345 1048 2429 (Pera-Otto.
1070 2345 1121 2426 II,
1142 2350 1195 2431 fiq.
1211 2351 1258 2427 27,
1284 2349 1351 2422 152,

285 2460 333 2543 pl.
347 2458 408 2525 XI
411 2461 456 2539 V;
478 2458 590 2540 Weiss,
607 2462 625 2527 λ.
635 2463 654 2528 λ.
664 2463 800 2544 12195),
816 2479 896 2542 quos
912 2460 1009 2526 etiam
1024 2459 1207 2525 Herodotus
1223 2457 1265 2538 (I,
1281 2456 1353 2539 195)

291 2571 399 2638 linteis
422 2573 540 2640 tunicis
555 2573 669 2655 longis,
691 2592 791 2656 supra
805 2592 886 2655 quas
902 2572 1036 2638 aiteram
1051 2571 1177 2638 laneam
1200 2577 1234 2637 et
1248 2571 1356 2637 album

292 2684 486 2750 ohlanidium
504 2685 682 2766 induerent,
695 2705 773 2752 usos
788 2704 859 2752 esse
874 2686 968 2752 testis
984 2684 1079 2767 esti).
1095 2683 1178 2750 Num
1187 2683 1285 2749 Asiae
1297 2683 1358 2747 mi·

290 2797 378 2862 noris
393 2815 517 2880 quoque
535 2817 573 2864 ex
588 2798 699 2865 incolis
714 2799 776 2866 viri
796 2817 833 2864 ao
849 2817 909 2864 non
930 2795 1065 2864 eunuchi
1081 2795 1141 2863 soli
1158 2800 1191 2861 et
1206 2792 1355 2858 mulieres

290 2908 371 2974 illud
393 2909 613 2977 indumentum
636 2911 804 2994 gestarint,
827 2910 958 2977 dubium
973 2910 1109 2976 videtur.
1144 2905 1239 2972 Certe
1260 2903 1355 2982 longa

292 3026 325 3086 et
342 3020 502 3087 manicata
518 3025 618 3090 vestis
636 3024 798 3090 iuvenitur
826 3021 1037 3105 (Hirschfeld,
1052 3019 1072 3084 λ.
1088 3018 1107 3083 λ.
1119 3038 1153 3098 p.
1169 3020 1225 3093 185
1246 3011 1355 3076 Pera.-

297 3131 387 3217 Oitp.
410 3132 482 3214 ΠΙ,
503 3137 555 3220 ορ.
579 3140 647 3214 321,
679 3140 748 3214 328,
778 3139 852 3212 333,
883 3137 963 3210 aaa·
987 3130 1140 3210 Renoua,
1170 3122 1301 3189 Minati.
1325 3122 1354 3187 α.

294 3247 400 3312 otheos.
415 3245 497 3313 last.
513 3245 613 3326 XIV,
628 3252 714 3325 1889,
724 3268 760 3328 p,
776 3245 845 3327 188)
867 3254 900 3308 et
920 3238 1098 3323 exspectari
1117 3235 1232 3319 potuit.
1274 3233 1355 3298 Nem

293 3358 389 3441 longa
411 3359 520 3425 tunioa
541 3359 716 3425 utebantur
734 3355 825 3438 prius
839 3352 953 3418 inoolis
971 3350 1068 3416 Asiae
1082 3347 1224 3427 minoris,
1245 3364 1356 3429 quam·

381 3619 413 3695 6)
451 3617 499 3678 sie
536 3616 624 3676 etiam
662 3612 774 3674 Ctesias
810 3611 887 3687 apud
926 3611 1035 3672 Athen.
1058 3609 1132 3683 XII,
1157 3609 1259 3667 529a:
1299 3612 1355 3666 Ar·

293 3722 381 3780 baoes
396 3766 403 3780 .
421 3766 451 3780 ..
475 3709 552 3778 εἶδεν
574 3708 667 3776 αὐτόν
688 3713 743 3795 (τε.
766 3705 1036 3793 Σαρδανάπαλλον)
1058 3708 1228 3792 γυναικείαν
1250 3700 1356 3785 στολὴν

294 3818 396 3898 ἔχοντα
418 3818 470 3880 καλ
492 3814 726 3897 κατεξυρημένον
752 3809 804 3875 τόν
826 3807 964 3894 πώγωνα.
1009 3817 1048 3876 Et
1070 3835 1099 3892 p.
1124 3805 1356 3873 eaodem-

295 3944 349 4002 ρον
371 3917 425 3983 τὸν
447 3920 589 4000 βασιλέως
610 3914 745 3998 ὕπαρχον
767 3914 818 3978 καὶ
840 3919 893 3994 τῆς
909 3916 1103 3997 Βαβυλωνίας
1118 3909 1355 3977 δυναστεύσαντα

294 4027 382 4111 στολῇ
404 4027 535 4106 χρῆσθαι
557 4021 709 4106 γυναικείᾳ
731 4018 782 4082 καὶ
804 4014 917 4104 κόσμῳ.
