3120 4784
680 419 893 488 ..33-

256 595 329 676 plex
359 595 459 660 vestis
489 600 540 660 est
569 591 712 673 ὁιπλοΐς,
743 595 811 661 sire
833 592 938 659 tribon
969 591 1037 657 sivo
1058 591 1152 658 laena
1180 591 1248 658 sive
1271 590 1319 656 hi-

256 707 389 771 matium
412 707 480 772 sire
502 707 697 789 chlanisss).

343 818 524 884 Chitouium
548 819 649 902 igitur
670 837 741 884 cum
764 817 891 899 longum
914 822 1034 881 vestem
1057 821 1090 881 et
1111 816 1238 898 corpori
1256 816 1319 897 ipsi

257 931 402 994 indutam
426 948 497 997 esse
519 931 736 1009 statuerimus,
759 929 909 995 estnihil
932 928 1021 993 aliud
1043 927 1105 993 nisi
1120 928 1224 993 ionico
1238 948 1319 1012 quae

256 1048 388 1107 uocatur
409 1043 527 1122 tunica,
550 1061 645 1124 quem
668 1041 765 1107 etiam
781 1046 889 1106 aetate
903 1039 1142 1121 Aristophaneo
1160 1046 1325 1122 gestatam*

256 1171 326 1218 esse
358 1157 407 1217 tot
436 1153 589 1235 exemplis
612 1155 771 1219 docemur.
816 1151 891 1218 Sive
921 1156 1151 1234 upoptygmate
1181 1159 1319 1234 augetur

255 1265 323 1330 sire
345 1265 418 1330 sinu
440 1265 507 1331 sive
529 1270 665 1347 utroque
685 1265 752 1331 sive
775 1266 954 1329 manicatus
976 1268 1026 1329 est
1048 1264 1115 1329 siue
1138 1282 1200 1328 nou
1217 1265 1318 1329 moui·

254 1381 345 1441 catus
368 1411 407 1422 -
430 1383 481 1443 est
503 1396 629 1459 semper
651 1376 759 1442 chitou
782 1377 850 1442 siue
873 1375 1043 1442 chitoniou.
1077 1377 1317 1459 Apopcygmate

255 1489 447 1554 instructum
471 1489 653 1573 appellatur
668 1489 942 1572 hemidiploidion,
964 1479 1047 1553 flauo
1062 1487 1166 1554 colore
1182 1488 1317 1554 tinctum

254 1595 474 1684 κροκωτός(ν),
503 1596 726 1686 κροκωτίδιον,
750 1601 914 1683 amorgido
935 1608 1075 1679 textum,
1098 1617 1193 1680 quam
1218 1617 1318 1679 genus

253 1845 342 1907 γινον
361 1819 519 1903 χιτώνιον.
552 1824 616 1890 Sed
639 1843 709 1890 cum
732 1824 796 1889 iarn
819 1824 980 1890 anteriore
1001 1829 1108 1889 aetate
1123 1821 1244 1888 formae
1259 1824 1315 1887 do-

254 1936 313 2001 rici
336 1936 471 2001 restitus
494 1941 527 2001 et
549 1935 644 2001 ionici
666 1936 751 2001 inter
772 1954 807 2000 se
831 1933 980 2001 confusae
1001 1937 1068 2000 siut
1083 1969 1124 1981 -
1139 1934 1192 2000 hic
1206 1934 1246 2000 ob
1263 1935 1319 1999 illo

254 2053 450 2131 apopcygmu
472 2051 520 2130 (et
541 2047 683 2129 sinum?)
706 2053 872 2113 mutuatus
895 2054 946 2114 est
969 2085 1009 2094 —
1025 2046 1137 2112 dubito
1153 2065 1194 2111 an
1210 2047 1319 2113 dorica

254 2181 272 2226 e
295 2160 356 2225 stis
379 2179 399 2224 α
421 2166 549 2240 pectore
572 2159 614 2223 ad
629 2159 728 2241 pedes
744 2164 887 2242 consuto,
910 2178 1005 2242 quam
1021 2177 1079 2223 nos
1095 2159 1237 2224 doricum
1253 2159 1317 2224 chi-

256 2277 362 2336 eonem
386 2271 491 2336 dicere
514 2268 662 2352 solemus,
685 2289 705 2334 o
728 2269 888 2336 veteribus
910 2288 1037 2352 quoque
1057 2263 1156 2349 χιτών
1178 2270 1245 2336 sive
1265 2293 1316 2350 χι-

254 2375 370 2446 τώνιον
393 2380 558 2464 appellata
580 2380 634 2462 sit,
665 2381 856 2462 praesertim
880 2400 949 2447 cum
972 2401 1010 2446 ex
1032 2400 1080 2464 eo,
1112 2383 1197 2463 quod
1219 2381 1319 2446 Hero-

255 2495 350 2559 dotus
372 2493 409 2574 V,
433 2495 472 2558 87
505 2511 566 2557 non
596 2489 785 2576 μετέβαλον,
815 2493 928 2575 inquit,
958 2489 993 2569 ἐς
1014 2489 1071 2557 τὸν
1092 2492 1231 2574 κιθῶνα,
1262 2495 1319 2559 sed

256 2602 291 2682 ἐς
311 2605 369 2669 τὸν
391 2599 496 2669 λίνεον
518 2605 658 2684 κιθῶνα,
681 2604 779 2669 etiam
802 2603 911 2670 laneos
934 2604 1077 2670 chitones
1098 2603 1198 2671 fuisso
1219 2625 1319 2688 appu-

255 2722 335 2783 reut.
381 2717 490 2799 Neque
512 2716 641 2781 omnino
663 2716 745 2799 scio,
777 2717 861 2798 quod
891 2716 979 2782 aliud
1010 2735 1122 2783 nornen
1153 2736 1170 2782 e
1199 2717 1319 2798 multis

342 2926 394 3004 24)
419 2925 656 3000 Moschophorus
671 2925 962 3001 siveSphenopogon
978 2926 1028 2984 illo
1046 2923 1320 3000 (Ouer·b.Plust.1³,

253 3048 286 3104 p.
310 3031 379 3098 146,
400 3028 458 3105 fig.
482 3026 537 3104 25)
560 3047 621 3085 nou
644 3026 774 3103 diploide
796 3026 924 3086 vestitus
946 3033 992 3086 est
1013 3028 1068 3106 (sic
1091 3028 1192 3087 Stura.
1217 3030 1322 3098 Helen,

251 3151 286 3209 p.
312 3131 372 3208 78),
402 3131 453 3189 sed
484 3130 567 3190 brevi
597 3129 698 3189 tunica
729 3130 888 3190 artificiose
919 3129 1036 3205 plicatu.
1080 3130 1156 3188 Nom
1187 3129 1320 3211 quinque

255 3255 343 3310 rugus
365 3237 462 3293 rectas
485 3237 515 3291 ct
536 3233 666 3291 manicos
687 3232 791 3306 longas
814 3251 991 3306 cognoscere
1015 3231 1088 3290 mihi
1110 3233 1223 3293 videor.

342 3334 396 3413 25)
418 3334 716 3406 Boeokh-Fruenkel‚
731 3333 967 3394 Stsatshaushslt
981 3335 1008 3408 Ι,
1022 3356 1051 3411 p.
1071 3340 1139 3394 132.
1176 3339 1203 3393 A
1218 3336 1321 3412 plenta

255 3439 308 3498 illa
337 3438 435 3497 insula
462 3455 570 3495 nomon
602 3435 733 3512 aceepit,
765 3444 798 3496 ut
820 3435 936 3516 Cyprus
956 3457 974 3494 u
995 3437 1097 3514 planta
1121 3439 1243 3515 Kopher
1264 3438 1318 3516 (cs.

256 3541 364 3610 Keller,
391 3541 504 3616 Kypros
519 3558 551 3615 p.
570 3537 608 3616 4).
654 3539 791 3598 Fortasse
813 3539 982 3615 amorginoo
1005 3540 1123 3600 tunicae
1146 3548 1176 3600 ot
1198 3561 1237 3599 ex
1259 3542 1320 3601 lino

255 3643 307 3703 illo
338 3643 421 3702 tenui
452 3647 553 3702 textae
582 3646 613 3700 et
641 3660 774 3717 purpura
802 3641 912 3701 tinctae
942 3647 1038 3714 erant,
1068 3663 1127 3722 qus
1149 3662 1181 3702 ro
1203 3646 1319 3704 adducti

257 3744 440 3821 grammatici
480 3743 625 3804 vocabulo
660 3749 722 3803 tum
752 3763 931 3820 purpuream
961 3749 1023 3803 tum
1054 3744 1175 3804 linteum
1206 3723 1319 3808 restem¹

259 3847 419 3922 significari
441 3846 552 3906 dieunt.
592 3845 708 3910 Quibus
730 3867 769 3905 ex
790 3848 878 3906 rebus
900 3846 931 3905 id
954 3865 1072 3926 quoque
1094 3848 1201 3923 elucet,
1223 3850 1318 3908 curin

258 3949 334 4009 Plot.
356 3950 451 4026 Epist.
474 3949 566 4022 xssr,
589 3969 617 4028 p.
642 3951 739 4008 363A
763 3946 857 4010 lincea
887 3948 1019 4010 chitouis
1044 3951 1205 4029 umorginis
1227 3971 1319 4031 oppo-

258 4058 375 4116 uantur.
