3120 4784
666 455 879 522 ,33-

242 629 329 694 mina
350 627 417 693 indi
438 628 571 710 possint.
609 626 658 692 Ex
681 629 795 712 quibus
817 629 898 711 ipsis
922 635 1065 712 apparet,
1089 630 1165 714 quid
1187 629 1302 696 velint:

239 736 389 819 χιτώνιον
410 746 536 823 spectat
557 761 615 822 pro
638 742 799 807 sententia
821 742 906 807 illius
930 743 1049 808 aetatis
1067 743 1108 806 ad
1123 760 1200 824 rem,
1223 761 1304 823 quae

243 854 423 918 intercedat
444 853 529 917 inter
551 871 666 934 corpus
689 860 721 918 et
744 860 885 934 vestem3
908 854 1061 935 induitur,
1083 874 1146 920 non
1169 856 1303 920 oiroum-

243 964 345 1028 ioitur.
390 957 605 1048 κροκωτίδιον
634 966 674 1030 de
704 963 786 1030 flavo
814 966 919 1031 colore
950 967 1070 1031 dictum
1094 971 1151 1032 est.
1196 958 1303 1051 ἡμιδι-

243 1071 395 1138 πλοίδιον
411 1076 453 1139 ad
467 1073 602 1140 formam
622 1113 660 1123 -
679 1078 848 1143 vernaculo
867 1097 1012 1145 sermone
1034 1077 1050 1143 f
1055 1098 1121 1145 ere
1137 1076 1303 1160 „Sohnitt“

243 1222 285 1231 —
305 1187 424 1252 tendit:
447 1205 507 1251 non
532 1189 650 1270 duplex
673 1194 733 1270 est,
756 1189 813 1254 sed
828 1190 1042 1272 semi-duplex
1064 1226 1105 1235 —
1127 1189 1224 1255 liceat
1244 1189 1304 1254 hoo

242 1297 392 1362 vocabulo
408 1299 456 1363 uti
470 1333 512 1344 -
528 1299 557 1364 h.
575 1319 601 1365 e.
623 1319 701 1381 „zur
715 1298 826 1366 Httlfte
841 1302 973 1384 doppelt
987 1302 1124 1384 gelegt“,
1148 1321 1210 1386 quo
1225 1301 1303 1366 nihil

242 1409 327 1474 aliud
356 1410 420 1476 nisi
447 1411 547 1476 vestis
589 1418 815 1495 apoptygmate
854 1419 949 1478 aucta
982 1411 1156 1494 significari
1185 1418 1302 1495 potest.

243 1520 333 1597 Quod
356 1522 461 1586 causis
484 1523 695 1588 demonstrari
717 1525 837 1606 nequit,
860 1523 934 1607 quia
957 1544 1019 1589 non
1043 1529 1093 1590 est
1108 1525 1195 1589 allud
1210 1544 1303 1590 voca-

240 1631 347 1696 bulum
371 1632 498 1714 linguae
520 1653 665 1716 graecae,
689 1637 775 1718 quod
797 1634 934 1701 conferri
957 1636 1068 1718 possit.
1111 1634 1174 1700 Sed
1195 1655 1234 1702 ex
1257 1637 1303 1702 eis

165 1771 167 1780 ·
239 1763 321 1825 quae
344 1751 520 1826 sequuntur
549 1744 617 1812 fore
646 1751 684 1811 ut
713 1747 747 1811 id
777 1752 896 1813 rectum
928 1765 999 1813 esse
1029 1747 1169 1828 eluceat,
1200 1765 1302 1828 spero.

241 1855 439 1920 Boehlauum
473 1862 579 1922 autem
612 1859 795 1941 neutiquam
819 1858 909 1941 sequi
931 1877 1072 1940 possum,
1103 1859 1179 1941 quia
1200 1858 1303 1940 diplo-

239 1966 323 2030 idem
347 1972 380 2031 et
401 1967 576 2048 diploidion
599 1971 693 2035 aliter
715 1969 875 2052 explicare
897 1970 992 2036 velim
1008 1971 1048 2052 (ο.
1065 1970 1103 2051 τ’.)
1125 1977 1221 2054 atque
1249 1971 1303 2036 ille

244 2077 376 2160 (115)·

326 2190 372 2256 De
402 2191 531 2257 vocibus
562 2187 775 2275 κροκωτίδιον
802 2199 835 2259 et
857 2186 1106 2278 ἡμιδιπλοίδιον
1128 2194 1201 2260 aliis
1223 2193 1302 2259 lotis

239 2300 315 2365 nihil
344 2303 504 2368 doeemur.
549 2305 663 2389 Itaque
694 2306 772 2371 nihil
802 2310 905 2371 restat
935 2305 996 2370 nisi
1026 2311 1062 2371 ut
1091 2307 1131 2372 de
1160 2306 1300 2373 chitonio

238 2413 306 2477 solo
329 2433 530 2495 quaeramus.
576 2418 623 2481 Ac
644 2418 782 2498 primum
805 2437 844 2482 ex
866 2417 1090 2499 Aristophane.

320 2526 358 2589 In
381 2533 537 2592 conventu
558 2527 726 2593 mulierum
749 2528 803 2592 illo
822 2528 1106 2594 ecclosiazusarum
1121 2529 1301 2611 interrogat

236 2636 391 2714 quaedam
413 2638 455 2717 (ο.
481 2638 572 2718 2631

407 2743 510 2813 ἐκεῖνο
533 2747 562 2812 d'
585 2741 623 2814 οὐ
645 2745 917 2834 πεφροντίκαμεν,
940 2741 1007 2834 ὅτῳ
1029 2744 1143 2834 τρόπῳ

405 2856 464 2935 τὰς
483 2861 595 2944 χεῖρας
618 2853 721 2943 αἴρειν
743 2857 1004 2946 μνημονείσομεν
1026 2854 1101 2924 τότε
1118 2913 1124 2926 .
1143 2911 1174 2926 ..

321 2969 378 3035 Cui
400 2975 575 3054 respondet
597 2973 798 3053 Praxagora:

402 3076 548 3162 χαλεττόν
569 3081 606 3148 τὸ
630 3084 764 3168 πρᾶγμ’.
787 3076 877 3167 ὅμως
899 3081 935 3147 δὲ
955 3080 1193 3167 χειροτονητέον

404 3190 628 3279 ἐξωμισάσαις
650 3193 707 3261 τὸν
729 3190 840 3280 ἕτερον
861 3189 1041 3278 βραχίονα.
1059 3247 1065 3262 .
1083 3244 1113 3261 ..

405 3300 461 3390 α’ίγε
482 3309 536 3370 νῦν
557 3299 794 3372 ἀναστέλλεσθ’
816 3299 883 3370 ι’ίνω
904 3304 945 3370 τοὶ
965 3302 1107 3386 χιτώνια.

318 3420 398 3485 Inde
429 3423 563 3502 apparet
593 3419 767 3485 chitonium
799 3420 924 3485 unicam
948 3437 1019 3484 esse
1041 3424 1163 3484 vestem
1185 3419 1295 3484 mulie-

232 3549 319 3610 rum;
348 3550 423 3595 nam
452 3529 637 3613 Praxagora
666 3533 706 3597 de
736 3532 824 3596 nulla
851 3532 915 3596 alia
937 3529 1034 3596 verba
1055 3529 1142 3595 facit.
1195 3530 1295 3613 Atqui

232 3642 296 3723 illa,
326 3662 420 3724 quam
449 3642 593 3708 Boehlau
617 3642 695 3723 vult,
726 3661 888 3725 nunquam
919 3643 988 3708 sola
1018 3642 1188 3722 invenitur,
1220 3641 1295 3722 quia

232 3759 355 3818 tautum
379 3756 420 3819 ad
443 3771 546 3834 genua
568 3753 635 3820 fere
656 3754 772 3834 tendit,
803 3755 861 3818 sed
885 3772 1012 3835 semper
1034 3771 1132 3834 supra
1152 3752 1294 3817 tunicam

231 3865 367 3947 longam.
412 3864 524 3948 Neque
553 3859 640 3930 illam
671 3864 856 3932 mulieribus
886 3866 1086 3948 adstringere
1109 3882 1191 3945 opus
1214 3871 1293 3946 erat,

231 3977 307 4058 quia
334 3977 431 4058 pallio
468 3978 547 4043 bene
577 3978 705 4044 obtecta
735 3982 837 4059 esset,
876 3979 933 4044 sed
962 3977 1021 4042 has
1051 3977 1138 4058 ipsas
1168 3976 1303 4041 tunicas.

230 4086 357 4171 longas,
394 4108 476 4172 quae
506 4109 578 4156 oum
608 4091 649 4154 ad
680 4092 778 4171 pedes
809 4090 1045 4171 dependerent,
1077 4089 1186 4153 statim
1216 4087 1293 4151 viris

1069 4208 1086 4260 3
