3120 4784
686 348 897 414 ..39-

261 537 343 601 quoe
375 519 497 583 tradita
526 527 619 602 sunt,
649 519 776 585 doricae
799 519 881 586 vesti
910 519 1028 598 indam,
1059 538 1128 586 oum
1153 516 1326 595 ntntoge

261 631 365 713 poetis
395 630 472 695 solis
505 629 562 695 illo
591 637 699 696 aetote
729 631 769 696 de
800 650 986 714 quoeunque
1014 637 1103 697 ueste
1126 633 1191 698 diei
1212 632 1324 719 soleat,

261 744 289 808 si
311 762 372 808 non
396 743 439 807 ad
454 743 617 808 Minervae
639 761 764 808 suerum
780 743 910 826 peplum
927 748 1055 825 spectat
1077 742 1207 826 (Stude.
1217 766 1254 826 p.
1265 751 1326 806 133

261 855 351 938 squ).
396 854 465 933 Quo
496 859 603 920 antem
634 855 728 920 modo
753 853 840 921 illam
868 854 1044 921 breviorem
1067 859 1188 920 uestem
1210 857 1243 920 in
1266 856 1324 921 hu-

261 966 357 1032 meris
386 973 443 1031 out
475 965 605 1034 humero
637 964 790 1032 confixam
819 973 852 1032 et
883 986 981 1050 supra
1004 967 1145 1034 tunicum
1167 969 1325 1050 indutum,

260 1097 354 1160 quam
376 1077 520 1143 Boebleu
548 1076 823 1160 hemidiploidium
855 1078 1018 1144 nominare
1039 1078 1150 1159 voluit,
1182 1079 1323 1162 appelle-

262 1209 341 1270 mus,
369 1189 401 1253 in
434 1188 538 1255 medio
561 1189 802 1271 relinquendum
825 1197 883 1256 est.
928 1189 1010 1255 Nom
1032 1191 1164 1256 nimium
1187 1191 1324 1257 voeabu-

259 1302 361 1366 lorum
383 1300 475 1366 nobis
498 1301 621 1366 tradito
643 1307 727 1382 sunt,
757 1320 852 1382 quum
876 1307 912 1367 ut
935 1321 1030 1367 unum
1054 1302 1232 1369 alterumve
1253 1304 1324 1369 iure

261 1433 299 1480 eo
320 1413 435 1479 merito
456 1432 515 1493 pro
537 1413 593 1478 illo
614 1421 704 1478 veste
725 1412 889 1478 vindicare
910 1412 1078 1496 possimus.

345 1525 393 1590 Ex
416 1525 471 1605 eis,
494 1544 575 1606 qnae
598 1524 740 1606 exposui,
762 1543 856 1606 porro
880 1523 1032 1591 efficitur:

347 1637 378 1718 1)
401 1638 435 1701 id
466 1637 550 1718 quod
582 1635 933 1702 Hermann-Bluemner
954 1637 1083 1721 (prteob.
1100 1638 1323 1704 Prtootottert.

253 1772 289 1832 p,
313 1749 390 1831 188),
414 1748 532 1814 ubido
554 1748 754 1814 vestimentis
777 1747 984 1815 muliebribus
1007 1748 1105 1814 verbu
1118 1747 1250 1830 faciunt,
1273 1750 1322 1815 di-

260 1868 352 1927 eunt:
382 1860 461 1940 „Als
484 1859 735 1942 Umseblagtuob
759 1860 839 1925 wird
860 1879 920 1925 uns
942 1859 1117 1926 besonders
1139 1859 1250 1943 bbufig
1271 1861 1321 1926 ein

259 1971 507 2055 Sofrangewond
536 1968 728 2057 (κροκωτός)
741 1975 793 2052 ²⁶)
828 1973 997 2054 genennt‘,
1037 1991 1169 2054 prorsus
1206 1971 1322 2038 falsum

194 2167 201 2182 ι
261 2103 340 2165 esse,
363 2090 401 2147 ut
423 2090 509 2149 reete
531 2084 672 2148 Boehlau
695 2085 744 2166 (p.
769 2089 800 2163 9,
823 2085 900 2150 odo.
914 2084 948 2166 2)
970 2084 1082 2163 evicit3

343 2197 378 2278 2)
401 2215 441 2262 11
463 2196 651 2278 inquinem,
674 2197 758 2277 quod
773 2204 807 2261 et
822 2195 1169 2261 Hermann-Bluemner
1184 2197 1233 2281 (p.
1251 2198 1322 2280 191)

259 2313 292 2372 et
321 2307 350 2373 J.
374 2306 490 2372 Miiller
519 2308 647 2392 (prieris
670 2307 892 2373 Prtootottert.
915 2330 951 2390 p.
974 2309 1046 2390 431)
1077 2308 1322 2375 contenderunt:

258 2419 317 2484 sub
341 2421 449 2485 tunica
480 2439 499 2485 a
523 2420 707 2487 mulieribus
736 2415 886 2500 χἰτώνιον
916 2420 984 2486 sive
1005 2416 1211 2501 χιτωνίσκον,
1242 2421 1273 2486 h.
1297 2442 1323 2487 e.

259 2531 385 2596 brevem
408 2533 547 2598 tunicam
571 2533 692 2615 gestari
714 2533 826 2614 solere,
850 2531 978 2597 defendi
992 2551 1095 2612 posse.
1128 2530 1222 2597 Nullo
1244 2532 1322 2612 loeo,

258 2641 345 2707 nullo
367 2649 569 2708 monumento
591 2644 651 2709 hoc
666 2644 914 2709 demonstretur.
949 2642 1030 2708 Nam
1053 2663 1090 2709 ex
1113 2642 1159 2708 eis
1181 2642 1322 2709 mulieri-

258 2754 328 2836 bus,
340 2773 422 2836 quee
437 2773 475 2820 ea
485 2754 618 2819 indutae
627 2760 801 2820 cernuntur
815 2753 986 2833 (Atalante
996 2755 1032 2818 tu
1046 2775 1121 2820 oose
1134 2753 1303 2835 Froopots.
1311 2775 1323 2833 ,·

258 2866 400 2931 Artemis
417 2866 556 2948 possim,
586 2865 655 2930 Iris
677 2866 718 2946 (o.
740 2865 789 2947 1.),
822 2865 973 2947 Erinyes
996 2865 1124 2930 cureris
1153 2865 1321 2944 Vaticano,

258 2978 357 3059 ottae)
387 2976 419 3040 in
445 2975 623 3041 universum
647 2975 835 3040 oouoludere
867 2995 928 3039 non
951 2976 1047 3041 liuere
1067 2981 1167 3058 patet.
1211 2977 1321 3059 Neque

259 3088 360 3170 magis
381 3085 458 3152 lieet
480 3086 743 3169 inscriptionibus
765 3086 830 3152 illis
853 3087 911 3169 uti,
934 3086 1049 3169 quibus
1072 3087 1161 3153 nisus
1176 3088 1319 3155 Boebleu

257 3205 323 3264 torn
346 3199 449 3265 multa
471 3199 624 3266 audacius
647 3199 812 3265 contendit
834 3198 885 3282 (p.
902 3202 943 3257 20
957 3200 1048 3282 spu).
1081 3198 1221 3265 Primum
1237 3202 1318 3267 eninr

256 3330 317 3374 non
348 3311 509 3377 cotidiana
539 3318 615 3376 sunt
645 3312 854 3389 vestimenta,
884 3329 966 3392 quoe
995 3312 1090 3391 deae,
1119 3312 1171 3378 hio
1196 3312 1320 3380 Dionae

257 3421 461 3503 Brauroniue‚
484 3419 594 3487 offerri
616 3422 729 3502 soient,
753 3423 811 3487 sed
833 3422 993 3504 exquisite
1015 3428 1048 3488 et
1062 3442 1157 3505 quem
1173 3425 1319 3506 pulcher·

258 3533 337 3598 rime
351 3539 475 3600 ornata.
498 3533 621 3598 Deinde
635 3535 846 3616 magistratus
861 3552 987 3616 semper
1000 3533 1170 3618 diligenter
1181 3544 1318 3620 notasse,

255 3643 359 3726 qualis
390 3653 476 3711 esset
504 3645 604 3711 vestis
635 3644 794 3725 dedicate,
825 3663 886 3710 non
917 3646 1091 3714 verisimile
1121 3652 1181 3712 est.
1226 3649 1317 3716 Alius

343 3882 394 3951 26)
418 3879 515 3939 Etiam
546 3880 569 3938 si
602 3863 789 3956 Dionysiooa'
811 3882 856 3938 est
876 3880 976 3952 vestis,
1007 3880 1147 3942 induitur.
1193 3883 1237 3942 Gi.
1262 3885 1317 3942 Po-

255 3980 352 4060 lyaen.
377 3980 411 4053 V,
436 3987 464 4055 3,
488 3988 516 4041 3.
572 4003 575 4010 ⁴
688 3974 691 3981 ’
